timestamp,date_key,stock_key,session_key,matched_price,matched_volume,cumulative_volume
2026-06-19 09:00:01,20260619,2,1,28.54,320,320
2026-06-19 09:00:01,20260619,2,1,28.58,4070,4390
2026-06-19 09:00:01,20260619,2,1,28.53,2700,7090
2026-06-19 09:00:04,20260619,2,1,28.55,2030,9120
2026-06-19 09:00:08,20260619,2,1,28.58,3750,12870
2026-06-19 09:00:13,20260619,2,1,28.62,1610,14480
2026-06-19 09:00:14,20260619,2,1,28.62,270,14750
2026-06-19 09:00:14,20260619,2,1,28.58,360,15110
2026-06-19 09:00:16,20260619,2,1,28.55,330,15440
2026-06-19 09:00:17,20260619,2,1,28.5,380,15820
2026-06-19 09:00:19,20260619,2,1,28.5,1480,17300
2026-06-19 09:00:20,20260619,2,1,28.48,1550,18850
2026-06-19 09:00:20,20260619,2,1,28.59,1320,20170
2026-06-19 09:00:21,20260619,2,1,28.64,1370,21540
2026-06-19 09:00:21,20260619,2,1,28.69,3770,25310
2026-06-19 09:00:26,20260619,2,1,28.71,1260,26570
2026-06-19 09:00:27,20260619,2,1,28.69,1410,27980
2026-06-19 09:00:27,20260619,2,1,28.68,2980,30960
2026-06-19 09:00:32,20260619,2,1,28.68,2450,35560
2026-06-19 09:00:32,20260619,2,1,28.67,2150,33110
2026-06-19 09:00:34,20260619,2,1,28.7,510,36070
2026-06-19 09:00:35,20260619,2,1,28.7,1690,37760
2026-06-19 09:00:35,20260619,2,1,28.68,2610,40370
2026-06-19 09:00:36,20260619,2,1,28.65,1880,42250
2026-06-19 09:00:36,20260619,2,1,28.58,1340,43590
2026-06-19 09:00:37,20260619,2,1,28.65,2690,46280
2026-06-19 09:00:38,20260619,2,1,28.76,2850,49130
2026-06-19 09:00:40,20260619,2,1,28.75,4600,55950
2026-06-19 09:00:40,20260619,2,1,28.82,2220,51350
2026-06-19 09:00:45,20260619,2,1,28.79,4820,60770
2026-06-19 09:00:47,20260619,2,1,28.84,3330,64100
2026-06-19 09:00:48,20260619,2,1,28.82,1990,66090
2026-06-19 09:00:52,20260619,2,1,28.85,670,66760
2026-06-19 09:00:52,20260619,2,1,28.83,4400,71160
2026-06-19 09:00:53,20260619,2,1,28.9,2120,73280
2026-06-19 09:00:58,20260619,2,1,28.92,890,74170
2026-06-19 09:01:02,20260619,2,1,28.87,4520,78690
2026-06-19 09:01:04,20260619,2,1,28.91,2370,81060
2026-06-19 09:01:11,20260619,2,1,28.96,3990,85050
2026-06-19 09:01:20,20260619,2,1,28.97,1040,86090
2026-06-19 09:01:20,20260619,2,1,29.0,4330,90420
2026-06-19 09:01:25,20260619,2,1,28.99,4700,95120
2026-06-19 09:01:27,20260619,2,1,28.93,4160,99280
2026-06-19 09:01:31,20260619,2,1,28.93,4450,103730
2026-06-19 09:01:31,20260619,2,1,28.95,130,103860
2026-06-19 09:01:35,20260619,2,1,28.95,1740,105600
2026-06-19 09:01:38,20260619,2,1,29.0,3900,126780
2026-06-19 09:01:38,20260619,2,1,28.99,4900,122880
2026-06-19 09:01:38,20260619,2,1,28.97,4940,114890
2026-06-19 09:01:38,20260619,2,1,28.99,4350,109950
2026-06-19 09:01:38,20260619,2,1,28.95,3090,117980
2026-06-19 09:01:39,20260619,2,1,28.98,510,127290
2026-06-19 09:01:42,20260619,2,1,29.04,2940,130230
2026-06-19 09:01:43,20260619,2,1,29.0,2380,132610
2026-06-19 09:01:43,20260619,2,1,28.96,4120,136730
2026-06-19 09:01:45,20260619,2,1,28.82,2520,139250
2026-06-19 09:01:46,20260619,2,1,28.8,2210,141460
2026-06-19 09:01:51,20260619,2,1,28.86,4250,145710
2026-06-19 09:01:52,20260619,2,1,28.76,3090,148800
2026-06-19 09:01:52,20260619,2,1,28.71,640,149440
2026-06-19 09:01:52,20260619,2,1,28.73,3450,152890
2026-06-19 09:01:55,20260619,2,1,28.62,3980,156870
2026-06-19 09:01:59,20260619,2,1,28.59,3780,160650
2026-06-19 09:02:01,20260619,2,1,28.65,4390,165040
2026-06-19 09:02:02,20260619,2,1,28.75,4690,169730
2026-06-19 09:02:03,20260619,2,1,28.77,1820,171550
2026-06-19 09:02:07,20260619,2,1,28.72,2860,174410
2026-06-19 09:02:08,20260619,2,1,28.67,3430,177840
2026-06-19 09:02:09,20260619,2,1,28.68,2380,180220
2026-06-19 09:02:10,20260619,2,1,28.69,4150,184370
2026-06-19 09:02:10,20260619,2,1,28.79,390,184760
2026-06-19 09:02:10,20260619,2,1,28.84,320,185080
2026-06-19 09:02:14,20260619,2,1,28.84,140,185220
2026-06-19 09:02:14,20260619,2,1,28.82,720,185940
2026-06-19 09:02:18,20260619,2,1,28.97,2300,188240
2026-06-19 09:02:22,20260619,2,1,29.01,3240,191480
2026-06-19 09:02:23,20260619,2,1,28.96,910,197260
2026-06-19 09:02:23,20260619,2,1,28.97,4870,196350
2026-06-19 09:02:26,20260619,2,1,28.92,2510,199770
2026-06-19 09:02:27,20260619,2,1,28.8,2620,202390
2026-06-19 09:02:30,20260619,2,1,28.81,610,203000
2026-06-19 09:02:31,20260619,2,1,28.9,3300,206300
2026-06-19 09:02:32,20260619,2,1,28.82,480,206780
2026-06-19 09:02:34,20260619,2,1,28.82,4740,211520
2026-06-19 09:02:36,20260619,2,1,28.79,2680,214200
2026-06-19 09:02:37,20260619,2,1,28.81,4350,218550
2026-06-19 09:02:39,20260619,2,1,28.74,4200,226110
2026-06-19 09:02:39,20260619,2,1,28.8,3360,221910
2026-06-19 09:02:40,20260619,2,1,28.69,4210,230320
2026-06-19 09:02:40,20260619,2,1,28.65,4470,234790
2026-06-19 09:02:40,20260619,2,1,28.71,4880,239670
2026-06-19 09:02:41,20260619,2,1,28.78,2800,242470
2026-06-19 09:02:42,20260619,2,1,28.76,4460,246930
2026-06-19 09:02:46,20260619,2,1,28.82,810,247740
2026-06-19 09:02:50,20260619,2,1,28.81,790,248530
2026-06-19 09:02:51,20260619,2,1,28.8,2290,250820
2026-06-19 09:02:55,20260619,2,1,28.8,130,250950
2026-06-19 09:03:00,20260619,2,1,28.82,3590,254540
2026-06-19 09:03:03,20260619,2,1,28.79,4100,258640
2026-06-19 09:03:06,20260619,2,1,28.79,2990,261630
2026-06-19 09:03:07,20260619,2,1,28.83,3890,265520
2026-06-19 09:03:09,20260619,2,1,28.83,3990,269510
2026-06-19 09:03:09,20260619,2,1,28.84,3010,272520
2026-06-19 09:03:10,20260619,2,1,28.86,3640,276160
2026-06-19 09:03:11,20260619,2,1,28.89,4320,282880
2026-06-19 09:03:11,20260619,2,1,28.89,2400,278560
2026-06-19 09:03:14,20260619,2,1,28.87,890,283770
2026-06-19 09:03:17,20260619,2,1,28.88,750,284520
2026-06-19 09:03:20,20260619,2,1,28.8,1450,285970
2026-06-19 09:03:20,20260619,2,1,28.79,4080,290050
2026-06-19 09:03:21,20260619,2,1,28.66,2000,292050
2026-06-19 09:03:22,20260619,2,1,28.58,3560,295610
2026-06-19 09:03:25,20260619,2,1,28.49,3450,299060
2026-06-19 09:03:26,20260619,2,1,28.54,4580,303640
2026-06-19 09:03:27,20260619,2,1,28.54,680,304320
2026-06-19 09:03:34,20260619,2,1,28.48,2750,307070
2026-06-19 09:03:36,20260619,2,1,28.5,160,307230
2026-06-19 09:03:37,20260619,2,1,28.55,3770,311000
2026-06-19 09:03:39,20260619,2,1,28.58,2110,313110
2026-06-19 09:03:39,20260619,2,1,28.57,3410,316520
2026-06-19 09:03:44,20260619,2,1,28.58,4740,321260
2026-06-19 09:03:44,20260619,2,1,28.63,2460,323720
2026-06-19 09:03:44,20260619,2,1,28.6,2770,326490
2026-06-19 09:03:45,20260619,2,1,28.6,880,327370
2026-06-19 09:03:46,20260619,2,1,28.59,550,327920
2026-06-19 09:03:49,20260619,2,1,28.51,2520,330440
2026-06-19 09:03:50,20260619,2,1,28.56,2970,333410
2026-06-19 09:03:50,20260619,2,1,28.66,1690,335100
2026-06-19 09:03:50,20260619,2,1,28.61,1240,336340
2026-06-19 09:03:52,20260619,2,1,28.66,4830,341170
2026-06-19 09:03:52,20260619,2,1,28.62,4710,345880
2026-06-19 09:03:53,20260619,2,1,28.63,1230,347110
2026-06-19 09:04:00,20260619,2,1,28.7,1350,348460
2026-06-19 09:04:01,20260619,2,1,28.68,990,349450
2026-06-19 09:04:02,20260619,2,1,28.68,700,350150
2026-06-19 09:04:03,20260619,2,1,28.59,4620,354770
2026-06-19 09:04:05,20260619,2,1,28.55,3260,358030
2026-06-19 09:04:06,20260619,2,1,28.46,1110,359140
2026-06-19 09:04:11,20260619,2,1,28.48,1230,360370
2026-06-19 09:04:12,20260619,2,1,28.52,1830,362200
2026-06-19 09:04:12,20260619,2,1,28.51,4610,366810
2026-06-19 09:04:13,20260619,2,1,28.52,1010,367820
2026-06-19 09:04:13,20260619,2,1,28.51,1920,369740
2026-06-19 09:04:15,20260619,2,1,28.54,3940,373680
2026-06-19 09:04:18,20260619,2,1,28.55,2140,375820
2026-06-19 09:04:22,20260619,2,1,28.45,3720,379540
2026-06-19 09:04:27,20260619,2,1,28.5,2040,381580
2026-06-19 09:04:29,20260619,2,1,28.48,3140,384720
2026-06-19 09:04:30,20260619,2,1,28.42,340,385060
2026-06-19 09:04:30,20260619,2,1,28.39,2430,387490
2026-06-19 09:04:33,20260619,2,1,28.3,250,387740
2026-06-19 09:04:36,20260619,2,1,28.24,4780,392520
2026-06-19 09:04:36,20260619,2,1,28.24,1500,394020
2026-06-19 09:04:36,20260619,2,1,28.25,4450,398470
2026-06-19 09:04:39,20260619,2,1,28.27,4290,403930
2026-06-19 09:04:39,20260619,2,1,28.27,1170,399640
2026-06-19 09:04:42,20260619,2,1,28.24,4650,408580
2026-06-19 09:04:42,20260619,2,1,28.23,3090,411670
2026-06-19 09:04:43,20260619,2,1,28.21,3480,415150
2026-06-19 09:04:47,20260619,2,1,28.13,3120,418270
2026-06-19 09:04:48,20260619,2,1,28.09,3890,422160
2026-06-19 09:04:53,20260619,2,1,28.14,890,423050
2026-06-19 09:04:55,20260619,2,1,28.21,850,423900
2026-06-19 09:04:57,20260619,2,1,28.25,2850,426750
2026-06-19 09:05:01,20260619,2,1,28.32,4110,430860
2026-06-19 09:05:03,20260619,2,1,28.33,4470,435330
2026-06-19 09:05:08,20260619,2,1,28.42,2770,438100
2026-06-19 09:05:13,20260619,2,1,28.52,1210,439310
2026-06-19 09:05:15,20260619,2,1,28.43,4180,443490
2026-06-19 09:05:17,20260619,2,1,28.44,3250,446740
2026-06-19 09:05:20,20260619,2,1,28.45,840,447580
2026-06-19 09:05:22,20260619,2,1,28.43,2230,449810
2026-06-19 09:05:22,20260619,2,1,28.45,3750,453560
2026-06-19 09:05:25,20260619,2,1,28.45,430,453990
2026-06-19 09:05:30,20260619,2,1,28.41,1750,457240
2026-06-19 09:05:30,20260619,2,1,28.42,1500,455490
2026-06-19 09:05:37,20260619,2,1,28.48,4050,461290
2026-06-19 09:05:37,20260619,2,1,28.48,2400,463690
2026-06-19 09:05:37,20260619,2,1,28.52,3010,466700
2026-06-19 09:05:39,20260619,2,1,28.5,370,467070
2026-06-19 09:05:39,20260619,2,1,28.52,4840,471910
2026-06-19 09:05:43,20260619,2,1,28.46,3040,474950
2026-06-19 09:05:43,20260619,2,1,28.44,3420,478370
2026-06-19 09:05:45,20260619,2,1,28.33,1000,487420
2026-06-19 09:05:45,20260619,2,1,28.37,3690,486420
2026-06-19 09:05:45,20260619,2,1,28.43,4360,482730
2026-06-19 09:05:47,20260619,2,1,28.34,1240,488660
2026-06-19 09:05:48,20260619,2,1,28.35,1680,490340
2026-06-19 09:05:48,20260619,2,1,28.39,2670,493010
2026-06-19 09:05:53,20260619,2,1,28.36,3820,496830
2026-06-19 09:05:58,20260619,2,1,28.36,3470,500300
2026-06-19 09:06:04,20260619,2,1,28.33,990,501290
2026-06-19 09:06:06,20260619,2,1,28.37,2540,503830
2026-06-19 09:06:12,20260619,2,1,28.45,400,507300
2026-06-19 09:06:12,20260619,2,1,28.42,3070,506900
2026-06-19 09:06:13,20260619,2,1,28.5,3260,510560
2026-06-19 09:06:14,20260619,2,1,28.5,3670,514230
2026-06-19 09:06:16,20260619,2,1,28.54,3210,517440
2026-06-19 09:06:18,20260619,2,1,28.55,4790,522230
2026-06-19 09:06:19,20260619,2,1,28.5,2370,524600
2026-06-19 09:06:24,20260619,2,1,28.51,3480,528080
2026-06-19 09:06:24,20260619,2,1,28.46,1370,529450
2026-06-19 09:06:25,20260619,2,1,28.56,2790,535030
2026-06-19 09:06:25,20260619,2,1,28.59,4220,539250
2026-06-19 09:06:25,20260619,2,1,28.58,2790,532240
2026-06-19 09:06:26,20260619,2,1,28.59,2180,541430
2026-06-19 09:06:27,20260619,2,1,28.53,1870,543300
2026-06-19 09:06:27,20260619,2,1,28.43,3150,546450
2026-06-19 09:06:29,20260619,2,1,28.47,2000,548450
2026-06-19 09:06:31,20260619,2,1,28.55,3660,552110
2026-06-19 09:06:31,20260619,2,1,28.51,4660,556770
2026-06-19 09:06:32,20260619,2,1,28.41,770,562120
2026-06-19 09:06:32,20260619,2,1,28.43,4580,561350
2026-06-19 09:06:37,20260619,2,1,28.33,2760,568240
2026-06-19 09:06:37,20260619,2,1,28.37,3360,565480
2026-06-19 09:06:39,20260619,2,1,28.36,2790,571030
2026-06-19 09:06:40,20260619,2,1,28.36,3710,574740
2026-06-19 09:06:40,20260619,2,1,28.32,4760,579500
2026-06-19 09:06:41,20260619,2,1,28.35,3690,583190
2026-06-19 09:06:42,20260619,2,1,28.38,3960,587150
2026-06-19 09:06:42,20260619,2,1,28.37,1370,588520
2026-06-19 09:06:43,20260619,2,1,28.37,2730,591250
2026-06-19 09:06:46,20260619,2,1,28.42,2510,596060
2026-06-19 09:06:46,20260619,2,1,28.4,2300,593550
2026-06-19 09:06:47,20260619,2,1,28.42,4940,601000
2026-06-19 09:06:50,20260619,2,1,28.49,2530,603530
2026-06-19 09:06:53,20260619,2,1,28.52,4360,607890
2026-06-19 09:06:54,20260619,2,1,28.5,4020,611910
2026-06-19 09:06:55,20260619,2,1,28.48,280,612190
2026-06-19 09:06:58,20260619,2,1,28.45,4050,616240
2026-06-19 09:06:59,20260619,2,1,28.48,1640,617880
2026-06-19 09:07:01,20260619,2,1,28.45,2380,620260
2026-06-19 09:07:07,20260619,2,1,28.43,3770,624030
2026-06-19 09:07:15,20260619,2,1,28.48,670,624700
2026-06-19 09:07:17,20260619,2,1,28.49,2900,627600
2026-06-19 09:07:18,20260619,2,1,28.55,540,628140
2026-06-19 09:07:21,20260619,2,1,28.59,1110,629250
2026-06-19 09:07:32,20260619,2,1,28.53,570,629820
2026-06-19 09:07:32,20260619,2,1,28.53,590,630410
2026-06-19 09:07:34,20260619,2,1,28.58,900,631310
2026-06-19 09:07:35,20260619,2,1,28.54,680,635080
2026-06-19 09:07:35,20260619,2,1,28.52,3090,634400
2026-06-19 09:07:38,20260619,2,1,28.54,1700,636780
2026-06-19 09:07:39,20260619,2,1,28.45,1120,637900
2026-06-19 09:07:39,20260619,2,1,28.45,3430,641330
2026-06-19 09:07:40,20260619,2,1,28.41,4210,645540
2026-06-19 09:07:41,20260619,2,1,28.35,2830,648370
2026-06-19 09:07:41,20260619,2,1,28.35,1920,650290
2026-06-19 09:07:43,20260619,2,1,28.26,4260,654550
2026-06-19 09:07:46,20260619,2,1,28.22,1250,655800
2026-06-19 09:07:49,20260619,2,1,28.35,3710,659510
2026-06-19 09:07:50,20260619,2,1,28.38,4080,663590
2026-06-19 09:07:51,20260619,2,1,28.34,4540,668130
2026-06-19 09:07:51,20260619,2,1,28.41,2760,670890
2026-06-19 09:07:52,20260619,2,1,28.36,1730,672620
2026-06-19 09:07:52,20260619,2,1,28.33,1520,674140
2026-06-19 09:07:52,20260619,2,1,28.28,4460,678600
2026-06-19 09:07:54,20260619,2,1,28.29,3270,681870
2026-06-19 09:07:55,20260619,2,1,28.36,3130,685000
2026-06-19 09:07:56,20260619,2,1,28.2,2590,688620
2026-06-19 09:07:56,20260619,2,1,28.26,4080,692700
2026-06-19 09:07:56,20260619,2,1,28.31,1030,686030
2026-06-19 09:08:00,20260619,2,1,28.34,4560,697260
2026-06-19 09:08:04,20260619,2,1,28.24,3520,700780
2026-06-19 09:08:04,20260619,2,1,28.26,4360,705140
2026-06-19 09:08:08,20260619,2,1,28.27,3150,708290
2026-06-19 09:08:09,20260619,2,1,28.23,3250,711540
2026-06-19 09:08:09,20260619,2,1,28.16,2490,714030
2026-06-19 09:08:11,20260619,2,1,28.21,680,714710
2026-06-19 09:08:12,20260619,2,1,28.22,240,714950
2026-06-19 09:08:16,20260619,2,1,28.2,2120,720010
2026-06-19 09:08:16,20260619,2,1,28.23,2940,717890
2026-06-19 09:08:18,20260619,2,1,28.16,2460,722470
2026-06-19 09:08:22,20260619,2,1,28.04,4750,727220
2026-06-19 09:08:22,20260619,2,1,28.03,3050,730270
2026-06-19 09:08:23,20260619,2,1,28.1,2960,733230
2026-06-19 09:08:24,20260619,2,1,28.06,820,734050
2026-06-19 09:08:25,20260619,2,1,27.98,2230,736280
2026-06-19 09:08:25,20260619,2,1,28.0,200,736480
2026-06-19 09:08:28,20260619,2,1,28.03,3460,739940
2026-06-19 09:08:29,20260619,2,1,27.98,3270,745550
2026-06-19 09:08:29,20260619,2,1,28.0,2340,742280
2026-06-19 09:08:30,20260619,2,1,28.0,2120,747670
2026-06-19 09:08:30,20260619,2,1,27.99,2400,750070
2026-06-19 09:08:30,20260619,2,1,28.04,4010,754080
2026-06-19 09:08:31,20260619,2,1,28.16,600,754680
2026-06-19 09:08:31,20260619,2,1,28.08,660,755340
2026-06-19 09:08:35,20260619,2,1,28.14,1410,756750
2026-06-19 09:08:37,20260619,2,1,28.14,4290,761040
2026-06-19 09:08:40,20260619,2,1,28.21,4120,765160
2026-06-19 09:08:44,20260619,2,1,28.25,2890,768050
2026-06-19 09:08:44,20260619,2,1,28.25,3060,771110
2026-06-19 09:08:57,20260619,2,1,28.29,3140,774250
2026-06-19 09:09:00,20260619,2,1,28.27,4750,779000
2026-06-19 09:09:06,20260619,2,1,28.23,2340,781340
2026-06-19 09:09:06,20260619,2,1,28.27,1830,783170
2026-06-19 09:09:10,20260619,2,1,28.23,3010,786180
2026-06-19 09:09:13,20260619,2,1,28.26,2750,788930
2026-06-19 09:09:15,20260619,2,1,28.15,870,792360
2026-06-19 09:09:15,20260619,2,1,28.26,2560,791490
2026-06-19 09:09:16,20260619,2,1,28.12,1440,793800
2026-06-19 09:09:20,20260619,2,1,28.14,1490,795290
2026-06-19 09:09:21,20260619,2,1,28.12,3510,798800
2026-06-19 09:09:22,20260619,2,1,27.99,2620,801420
2026-06-19 09:09:22,20260619,2,1,28.05,4840,806260
2026-06-19 09:09:23,20260619,2,1,28.06,1850,808110
2026-06-19 09:09:23,20260619,2,1,28.08,4300,812410
2026-06-19 09:09:24,20260619,2,1,28.06,4680,817090
2026-06-19 09:09:25,20260619,2,1,28.18,690,822070
2026-06-19 09:09:25,20260619,2,1,28.09,4290,821380
2026-06-19 09:09:25,20260619,2,1,28.14,4700,826770
2026-06-19 09:09:26,20260619,2,1,28.23,3610,830380
2026-06-19 09:09:29,20260619,2,1,28.25,2630,833010
2026-06-19 09:09:31,20260619,2,1,28.2,170,833180
2026-06-19 09:09:33,20260619,2,1,28.31,4000,837180
2026-06-19 09:09:33,20260619,2,1,28.33,1160,838340
2026-06-19 09:09:34,20260619,2,1,28.37,1800,840140
2026-06-19 09:09:37,20260619,2,1,28.35,670,840810
2026-06-19 09:09:39,20260619,2,1,28.31,3460,844270
2026-06-19 09:09:46,20260619,2,1,28.32,3510,847780
2026-06-19 09:09:52,20260619,2,1,28.4,4390,852170
2026-06-19 09:10:00,20260619,2,1,28.38,2990,855160
2026-06-19 09:10:06,20260619,2,1,28.38,930,856090
2026-06-19 09:10:07,20260619,2,1,28.46,1260,857350
2026-06-19 09:10:08,20260619,2,1,28.44,2090,859440
2026-06-19 09:10:08,20260619,2,1,28.47,310,859750
2026-06-19 09:10:09,20260619,2,1,28.51,2280,862030
2026-06-19 09:10:10,20260619,2,1,28.5,2350,864380
2026-06-19 09:10:12,20260619,2,1,28.52,4140,868520
2026-06-19 09:10:12,20260619,2,1,28.55,2800,871320
2026-06-19 09:10:14,20260619,2,1,28.53,3980,875300
2026-06-19 09:10:19,20260619,2,1,28.57,1110,876410
2026-06-19 09:10:23,20260619,2,1,28.54,1540,877950
2026-06-19 09:10:24,20260619,2,1,28.51,4650,882600
2026-06-19 09:10:24,20260619,2,1,28.43,1560,884160
2026-06-19 09:10:25,20260619,2,1,28.41,2700,886860
2026-06-19 09:10:27,20260619,2,1,28.37,2880,889740
2026-06-19 09:10:27,20260619,2,1,28.35,3480,893220
2026-06-19 09:10:32,20260619,2,1,28.38,230,893450
2026-06-19 09:10:37,20260619,2,1,28.29,2750,896200
2026-06-19 09:10:38,20260619,2,1,28.19,2960,899160
2026-06-19 09:10:39,20260619,2,1,28.15,1500,900660
2026-06-19 09:10:39,20260619,2,1,28.18,3920,904580
2026-06-19 09:10:39,20260619,2,1,28.19,4150,908730
2026-06-19 09:10:40,20260619,2,1,28.15,3020,911750
2026-06-19 09:10:41,20260619,2,1,28.21,4320,916070
2026-06-19 09:10:42,20260619,2,1,28.18,4030,920100
2026-06-19 09:10:45,20260619,2,1,28.2,400,920500
2026-06-19 09:10:46,20260619,2,1,28.18,1800,922300
2026-06-19 09:10:47,20260619,2,1,28.14,3640,925940
2026-06-19 09:10:48,20260619,2,1,28.11,2140,928080
2026-06-19 09:10:51,20260619,2,1,28.15,4870,932950
2026-06-19 09:10:53,20260619,2,1,28.17,4910,937860
2026-06-19 09:10:54,20260619,2,1,28.21,4290,942150
2026-06-19 09:10:58,20260619,2,1,28.23,3000,945150
2026-06-19 09:10:58,20260619,2,1,28.15,1200,946350
2026-06-19 09:10:59,20260619,2,1,28.26,770,947120
2026-06-19 09:11:01,20260619,2,1,28.28,1920,949040
2026-06-19 09:11:02,20260619,2,1,28.3,3820,952860
2026-06-19 09:11:03,20260619,2,1,28.34,1350,956260
2026-06-19 09:11:03,20260619,2,1,28.28,2050,954910
2026-06-19 09:11:09,20260619,2,1,28.28,1840,958100
2026-06-19 09:11:11,20260619,2,1,28.31,2710,960810
2026-06-19 09:11:11,20260619,2,1,28.21,3840,964650
2026-06-19 09:11:12,20260619,2,1,28.24,4210,968860
2026-06-19 09:11:14,20260619,2,1,28.19,2950,971810
2026-06-19 09:11:16,20260619,2,1,28.2,1640,973450
2026-06-19 09:11:20,20260619,2,1,28.27,780,974230
2026-06-19 09:11:21,20260619,2,1,28.43,440,980160
2026-06-19 09:11:21,20260619,2,1,28.31,1170,975400
2026-06-19 09:11:21,20260619,2,1,28.37,4320,979720
2026-06-19 09:11:23,20260619,2,1,28.4,3680,983840
2026-06-19 09:11:23,20260619,2,1,28.43,530,984370
2026-06-19 09:11:23,20260619,2,1,28.35,1520,985890
2026-06-19 09:11:24,20260619,2,1,28.31,2200,988090
2026-06-19 09:11:25,20260619,2,1,28.38,4870,992960
2026-06-19 09:11:26,20260619,2,1,28.36,4950,997910
2026-06-19 09:11:27,20260619,2,1,28.27,4250,1002160
2026-06-19 09:11:30,20260619,2,1,28.37,4970,1007130
2026-06-19 09:11:31,20260619,2,1,28.4,2940,1010070
2026-06-19 09:11:38,20260619,2,1,28.44,4560,1014630
2026-06-19 09:11:38,20260619,2,1,28.39,150,1014780
2026-06-19 09:11:39,20260619,2,1,28.4,2270,1017050
2026-06-19 09:11:39,20260619,2,1,28.42,360,1017410
2026-06-19 09:11:40,20260619,2,1,28.37,2360,1019770
2026-06-19 09:11:41,20260619,2,1,28.37,2930,1022700
2026-06-19 09:11:42,20260619,2,1,28.29,3980,1026680
2026-06-19 09:11:45,20260619,2,1,28.27,4340,1031020
2026-06-19 09:11:49,20260619,2,1,28.28,3770,1035440
2026-06-19 09:11:49,20260619,2,1,28.32,650,1031670
2026-06-19 09:11:50,20260619,2,1,28.38,3190,1038630
2026-06-19 09:11:59,20260619,2,1,28.31,3450,1042080
2026-06-19 09:11:59,20260619,2,1,28.3,1140,1043220
2026-06-19 09:12:04,20260619,2,1,28.26,270,1043490
2026-06-19 09:12:05,20260619,2,1,28.25,2140,1045630
2026-06-19 09:12:06,20260619,2,1,28.32,520,1046150
2026-06-19 09:12:07,20260619,2,1,28.27,980,1047130
2026-06-19 09:12:09,20260619,2,1,28.28,1660,1049620
2026-06-19 09:12:09,20260619,2,1,28.25,830,1047960
2026-06-19 09:12:13,20260619,2,1,28.29,2750,1052370
2026-06-19 09:12:14,20260619,2,1,28.3,1430,1053800
2026-06-19 09:12:15,20260619,2,1,28.25,4730,1058530
2026-06-19 09:12:18,20260619,2,1,28.24,980,1059510
2026-06-19 09:12:22,20260619,2,1,28.3,2450,1061960
2026-06-19 09:12:24,20260619,2,1,28.22,1410,1063370
2026-06-19 09:12:24,20260619,2,1,28.19,2380,1065750
2026-06-19 09:12:27,20260619,2,1,28.1,430,1066180
2026-06-19 09:12:28,20260619,2,1,28.18,4260,1071360
2026-06-19 09:12:28,20260619,2,1,28.12,920,1067100
2026-06-19 09:12:29,20260619,2,1,28.17,1410,1072770
2026-06-19 09:12:31,20260619,2,1,28.12,4370,1077140
2026-06-19 09:12:38,20260619,2,1,28.08,3630,1080770
2026-06-19 09:12:43,20260619,2,1,28.06,2130,1082900
2026-06-19 09:12:43,20260619,2,1,28.05,2960,1085860
2026-06-19 09:12:43,20260619,2,1,28.09,3450,1089310
2026-06-19 09:12:46,20260619,2,1,28.06,4590,1093900
2026-06-19 09:12:46,20260619,2,1,28.08,4510,1098410
2026-06-19 09:12:48,20260619,2,1,28.06,3250,1101660
2026-06-19 09:12:49,20260619,2,1,28.03,2670,1104330
2026-06-19 09:12:50,20260619,2,1,28.01,3010,1107340
2026-06-19 09:12:51,20260619,2,1,28.03,4630,1111970
2026-06-19 09:12:52,20260619,2,1,28.07,1340,1113310
2026-06-19 09:12:55,20260619,2,1,28.06,4530,1117840
2026-06-19 09:12:55,20260619,2,1,28.0,1600,1119440
2026-06-19 09:12:55,20260619,2,1,28.05,3680,1123120
2026-06-19 09:12:56,20260619,2,1,28.0,2560,1125680
2026-06-19 09:12:58,20260619,2,1,28.02,1840,1127520
2026-06-19 09:12:59,20260619,2,1,28.02,3810,1131330
2026-06-19 09:13:02,20260619,2,1,28.01,3660,1134990
2026-06-19 09:13:04,20260619,2,1,27.98,3110,1138100
2026-06-19 09:13:11,20260619,2,1,28.02,890,1138990
2026-06-19 09:13:11,20260619,2,1,27.84,1160,1140150
2026-06-19 09:13:12,20260619,2,1,27.89,3090,1143240
2026-06-19 09:13:14,20260619,2,1,27.85,4120,1147360
2026-06-19 09:13:15,20260619,2,1,27.87,3140,1150500
2026-06-19 09:13:15,20260619,2,1,27.89,3530,1154030
2026-06-19 09:13:17,20260619,2,1,27.96,1000,1155700
2026-06-19 09:13:17,20260619,2,1,27.95,670,1154700
2026-06-19 09:13:20,20260619,2,1,27.92,1440,1157140
2026-06-19 09:13:24,20260619,2,1,27.84,3590,1160730
2026-06-19 09:13:25,20260619,2,1,27.82,1780,1162510
2026-06-19 09:13:26,20260619,2,1,27.72,3430,1165940
2026-06-19 09:13:30,20260619,2,1,27.69,1310,1167250
2026-06-19 09:13:32,20260619,2,1,27.68,2450,1169700
2026-06-19 09:13:35,20260619,2,1,27.62,4860,1182670
2026-06-19 09:13:35,20260619,2,1,27.63,3180,1177810
2026-06-19 09:13:35,20260619,2,1,27.64,4080,1173780
2026-06-19 09:13:35,20260619,2,1,27.64,850,1174630
2026-06-19 09:13:37,20260619,2,1,27.49,320,1182990
2026-06-19 09:13:38,20260619,2,1,27.43,3420,1186410
2026-06-19 09:13:38,20260619,2,1,27.46,820,1187230
2026-06-19 09:13:39,20260619,2,1,27.5,970,1188200
2026-06-19 09:13:41,20260619,2,1,27.41,1120,1189320
2026-06-19 09:13:41,20260619,2,1,27.37,1030,1190350
2026-06-19 09:13:44,20260619,2,1,27.42,4580,1194930
2026-06-19 09:13:46,20260619,2,1,27.39,3250,1198180
2026-06-19 09:13:47,20260619,2,1,27.38,2750,1200930
2026-06-19 09:13:48,20260619,2,1,27.45,2620,1203550
2026-06-19 09:13:49,20260619,2,1,27.44,3670,1207220
2026-06-19 09:13:51,20260619,2,1,27.41,670,1207890
2026-06-19 09:13:53,20260619,2,1,27.4,4400,1212290
2026-06-19 09:13:55,20260619,2,1,27.5,4080,1216370
2026-06-19 09:13:56,20260619,2,1,27.52,180,1216550
2026-06-19 09:13:58,20260619,2,1,27.52,220,1216770
2026-06-19 09:13:58,20260619,2,1,27.49,4160,1220930
2026-06-19 09:13:59,20260619,2,1,27.52,4260,1225190
2026-06-19 09:14:00,20260619,2,1,27.55,4020,1229210
2026-06-19 09:14:11,20260619,2,1,27.5,1400,1230610
2026-06-19 09:14:13,20260619,2,1,27.53,2310,1232920
2026-06-19 09:14:14,20260619,2,1,27.53,3380,1236300
2026-06-19 09:14:16,20260619,2,1,27.53,3810,1240110
2026-06-19 09:14:16,20260619,2,1,27.48,1620,1241730
2026-06-19 09:14:17,20260619,2,1,27.46,3900,1245630
2026-06-19 09:14:20,20260619,2,1,27.41,3760,1249390
2026-06-19 09:14:20,20260619,2,1,27.36,4810,1254200
2026-06-19 09:14:22,20260619,2,1,27.38,4890,1259090
2026-06-19 09:14:23,20260619,2,1,27.29,4290,1264180
2026-06-19 09:14:23,20260619,2,1,27.36,800,1259890
2026-06-19 09:14:26,20260619,2,1,27.4,3540,1267720
2026-06-19 09:14:30,20260619,2,1,27.35,290,1268010
2026-06-19 09:14:31,20260619,2,1,27.4,900,1268910
2026-06-19 09:14:31,20260619,2,1,27.33,4470,1273380
2026-06-19 09:14:31,20260619,2,1,27.35,2370,1275750
2026-06-19 09:14:31,20260619,2,1,27.34,3550,1279300
2026-06-19 09:14:31,20260619,2,1,27.31,280,1279580
2026-06-19 09:14:35,20260619,2,1,27.32,4530,1284110
2026-06-19 09:14:37,20260619,2,1,27.32,1740,1285850
2026-06-19 09:14:38,20260619,2,1,27.28,3770,1289620
2026-06-19 09:14:38,20260619,2,1,27.23,3960,1293580
2026-06-19 09:14:40,20260619,2,1,27.16,1160,1294740
2026-06-19 09:14:42,20260619,2,1,27.17,3860,1298600
2026-06-19 09:14:42,20260619,2,1,27.11,3570,1302170
2026-06-19 09:14:43,20260619,2,1,27.11,2230,1304400
2026-06-19 09:14:51,20260619,2,1,27.14,2480,1306880
2026-06-19 09:14:51,20260619,2,1,27.15,1560,1308440
2026-06-19 09:14:55,20260619,2,1,27.16,4390,1314730
2026-06-19 09:14:55,20260619,2,1,27.11,1900,1310340
2026-06-19 09:14:56,20260619,2,1,27.14,3450,1318180
2026-06-19 09:14:57,20260619,2,1,27.07,4490,1322670
2026-06-19 09:14:59,20260619,2,1,27.06,2070,1324740
2026-06-19 09:15:01,20260619,2,2,27.09,4940,1329680
2026-06-19 09:15:01,20260619,2,2,27.05,2960,1332640
2026-06-19 09:15:02,20260619,2,2,27.1,620,1333260
2026-06-19 09:15:03,20260619,2,2,27.06,3780,1337040
2026-06-19 09:15:04,20260619,2,2,27.03,2490,1339530
2026-06-19 09:15:05,20260619,2,2,26.97,2990,1342520
2026-06-19 09:15:06,20260619,2,2,27.01,2960,1345480
2026-06-19 09:15:07,20260619,2,2,27.01,1970,1347450
2026-06-19 09:15:09,20260619,2,2,26.96,4040,1351490
2026-06-19 09:15:09,20260619,2,2,26.94,4930,1356420
2026-06-19 09:15:09,20260619,2,2,26.78,150,1356570
2026-06-19 09:15:10,20260619,2,2,26.82,2920,1359490
2026-06-19 09:15:11,20260619,2,2,26.81,2720,1362210
2026-06-19 09:15:13,20260619,2,2,26.69,580,1362790
2026-06-19 09:15:16,20260619,2,2,26.62,3610,1366400
2026-06-19 09:15:18,20260619,2,2,26.6,2090,1368490
2026-06-19 09:15:20,20260619,2,2,26.53,690,1369180
2026-06-19 09:15:21,20260619,2,2,26.57,420,1369600
2026-06-19 09:15:21,20260619,2,2,26.59,3120,1372720
2026-06-19 09:15:22,20260619,2,2,26.61,2530,1375250
2026-06-19 09:15:24,20260619,2,2,26.48,1810,1377060
2026-06-19 09:15:27,20260619,2,2,26.46,2160,1379220
2026-06-19 09:15:28,20260619,2,2,26.42,3840,1383060
2026-06-19 09:15:35,20260619,2,2,26.37,2920,1385980
2026-06-19 09:15:36,20260619,2,2,26.35,4870,1390850
2026-06-19 09:15:38,20260619,2,2,26.34,3580,1395300
2026-06-19 09:15:38,20260619,2,2,26.3,310,1391160
2026-06-19 09:15:38,20260619,2,2,26.31,560,1391720
2026-06-19 09:15:40,20260619,2,2,26.38,4980,1400280
2026-06-19 09:15:40,20260619,2,2,26.37,4410,1404690
2026-06-19 09:15:42,20260619,2,2,26.47,1670,1406360
2026-06-19 09:15:46,20260619,2,2,26.53,2670,1409030
2026-06-19 09:15:53,20260619,2,2,26.52,1520,1410550
2026-06-19 09:15:54,20260619,2,2,26.5,560,1411110
2026-06-19 09:15:55,20260619,2,2,26.57,360,1411470
2026-06-19 09:16:00,20260619,2,2,26.62,4640,1416110
2026-06-19 09:16:06,20260619,2,2,26.55,360,1416470
2026-06-19 09:16:06,20260619,2,2,26.6,4780,1421250
2026-06-19 09:16:07,20260619,2,2,26.59,4060,1425310
2026-06-19 09:16:12,20260619,2,2,26.55,4480,1429790
2026-06-19 09:16:12,20260619,2,2,26.45,1540,1431330
2026-06-19 09:16:14,20260619,2,2,26.44,840,1432170
2026-06-19 09:16:14,20260619,2,2,26.44,1960,1434130
2026-06-19 09:16:17,20260619,2,2,26.52,190,1434320
2026-06-19 09:16:18,20260619,2,2,26.56,1300,1435620
2026-06-19 09:16:29,20260619,2,2,26.54,2980,1438600
2026-06-19 09:16:34,20260619,2,2,26.55,4710,1443310
2026-06-19 09:16:34,20260619,2,2,26.6,1740,1445050
2026-06-19 09:16:37,20260619,2,2,26.6,3910,1448960
2026-06-19 09:16:45,20260619,2,2,26.57,2730,1451690
2026-06-19 09:16:45,20260619,2,2,26.54,1700,1453390
2026-06-19 09:16:54,20260619,2,2,26.56,4000,1457390
2026-06-19 09:16:55,20260619,2,2,26.58,4270,1461660
2026-06-19 09:16:56,20260619,2,2,26.57,3360,1465020
2026-06-19 09:16:56,20260619,2,2,26.44,4000,1469020
2026-06-19 09:16:57,20260619,2,2,26.37,3060,1472080
2026-06-19 09:16:59,20260619,2,2,26.4,1270,1473350
2026-06-19 09:17:03,20260619,2,2,26.3,4930,1478280
2026-06-19 09:17:05,20260619,2,2,26.36,3200,1481480
2026-06-19 09:17:05,20260619,2,2,26.41,2720,1484200
2026-06-19 09:17:06,20260619,2,2,26.41,930,1485130
2026-06-19 09:17:08,20260619,2,2,26.44,1550,1486680
2026-06-19 09:17:09,20260619,2,2,26.47,1800,1488480
2026-06-19 09:17:10,20260619,2,2,26.46,4980,1493460
2026-06-19 09:17:13,20260619,2,2,26.44,4330,1501220
2026-06-19 09:17:13,20260619,2,2,26.39,3430,1496890
2026-06-19 09:17:17,20260619,2,2,26.51,3180,1504400
2026-06-19 09:17:17,20260619,2,2,26.45,230,1504630
2026-06-19 09:17:18,20260619,2,2,26.38,1580,1506210
2026-06-19 09:17:20,20260619,2,2,26.37,3780,1509990
2026-06-19 09:17:21,20260619,2,2,26.34,2600,1512590
2026-06-19 09:17:21,20260619,2,2,26.35,660,1513250
2026-06-19 09:17:23,20260619,2,2,26.41,3560,1516810
2026-06-19 09:17:25,20260619,2,2,26.38,4190,1524110
2026-06-19 09:17:25,20260619,2,2,26.3,3110,1519920
2026-06-19 09:17:27,20260619,2,2,26.36,3560,1527670
2026-06-19 09:17:28,20260619,2,2,26.38,4170,1531840
2026-06-19 09:17:28,20260619,2,2,26.41,1420,1533260
2026-06-19 09:17:33,20260619,2,2,26.45,1790,1535050
2026-06-19 09:17:35,20260619,2,2,26.45,1110,1536160
2026-06-19 09:17:38,20260619,2,2,26.47,4850,1541010
2026-06-19 09:17:41,20260619,2,2,26.48,1150,1542160
2026-06-19 09:17:42,20260619,2,2,26.45,1800,1543960
2026-06-19 09:17:43,20260619,2,2,26.36,1370,1545330
2026-06-19 09:17:44,20260619,2,2,26.3,2590,1547920
2026-06-19 09:17:45,20260619,2,2,26.3,410,1548330
2026-06-19 09:17:51,20260619,2,2,26.26,2250,1550580
2026-06-19 09:17:53,20260619,2,2,26.22,2710,1553290
2026-06-19 09:18:02,20260619,2,2,26.31,3390,1556680
2026-06-19 09:18:06,20260619,2,2,26.35,2530,1559210
2026-06-19 09:18:07,20260619,2,2,26.34,4600,1563810
2026-06-19 09:18:09,20260619,2,2,26.37,4000,1567810
2026-06-19 09:18:13,20260619,2,2,26.35,2940,1570750
2026-06-19 09:18:17,20260619,2,2,26.36,2990,1573740
2026-06-19 09:18:20,20260619,2,2,26.38,2720,1576460
2026-06-19 09:18:21,20260619,2,2,26.36,3460,1579920
2026-06-19 09:18:21,20260619,2,2,26.32,3420,1583340
2026-06-19 09:18:24,20260619,2,2,26.38,3230,1586570
2026-06-19 09:18:27,20260619,2,2,26.42,940,1587510
2026-06-19 09:18:27,20260619,2,2,26.3,4240,1591750
2026-06-19 09:18:33,20260619,2,2,26.27,3380,1595130
2026-06-19 09:18:35,20260619,2,2,26.23,540,1595670
2026-06-19 09:18:43,20260619,2,2,26.2,3120,1598790
2026-06-19 09:18:44,20260619,2,2,26.24,3420,1602210
2026-06-19 09:18:46,20260619,2,2,26.17,2090,1609040
2026-06-19 09:18:46,20260619,2,2,26.24,4740,1606950
2026-06-19 09:18:52,20260619,2,2,26.15,2100,1611140
2026-06-19 09:18:55,20260619,2,2,26.18,3380,1614520
2026-06-19 09:18:55,20260619,2,2,26.17,1770,1616290
2026-06-19 09:18:56,20260619,2,2,26.14,2490,1618780
2026-06-19 09:18:56,20260619,2,2,26.16,3810,1622590
2026-06-19 09:18:57,20260619,2,2,26.24,2950,1625540
2026-06-19 09:19:01,20260619,2,2,26.26,1990,1627530
2026-06-19 09:19:01,20260619,2,2,26.32,800,1628330
2026-06-19 09:19:02,20260619,2,2,26.3,1540,1629870
2026-06-19 09:19:03,20260619,2,2,26.3,3680,1633550
2026-06-19 09:19:04,20260619,2,2,26.29,4950,1638500
2026-06-19 09:19:06,20260619,2,2,26.3,3980,1642480
2026-06-19 09:19:09,20260619,2,2,26.32,2180,1644660
2026-06-19 09:19:10,20260619,2,2,26.28,3690,1648350
2026-06-19 09:19:15,20260619,2,2,26.31,3870,1652220
2026-06-19 09:19:16,20260619,2,2,26.23,3940,1656160
2026-06-19 09:19:18,20260619,2,2,26.16,2170,1658330
2026-06-19 09:19:20,20260619,2,2,26.27,4740,1663070
2026-06-19 09:19:21,20260619,2,2,26.24,2310,1665380
2026-06-19 09:19:24,20260619,2,2,26.28,2960,1668340
2026-06-19 09:19:24,20260619,2,2,26.36,1720,1670060
2026-06-19 09:19:26,20260619,2,2,26.25,3740,1673800
2026-06-19 09:19:29,20260619,2,2,26.3,810,1674610
2026-06-19 09:19:29,20260619,2,2,26.34,2490,1677100
2026-06-19 09:19:31,20260619,2,2,26.42,4230,1681330
2026-06-19 09:19:33,20260619,2,2,26.36,1360,1682690
2026-06-19 09:19:35,20260619,2,2,26.43,4960,1687650
2026-06-19 09:19:36,20260619,2,2,26.39,940,1688590
2026-06-19 09:19:37,20260619,2,2,26.45,240,1688830
2026-06-19 09:19:40,20260619,2,2,26.44,2570,1691400
2026-06-19 09:19:40,20260619,2,2,26.48,4910,1696310
2026-06-19 09:19:41,20260619,2,2,26.49,3210,1699520
2026-06-19 09:19:42,20260619,2,2,26.39,4530,1704050
2026-06-19 09:19:42,20260619,2,2,26.24,2920,1706970
2026-06-19 09:19:44,20260619,2,2,26.25,110,1707080
2026-06-19 09:19:45,20260619,2,2,26.26,730,1708640
2026-06-19 09:19:45,20260619,2,2,26.24,2700,1711340
2026-06-19 09:19:45,20260619,2,2,26.24,830,1707910
2026-06-19 09:19:54,20260619,2,2,26.34,3560,1714900
2026-06-19 09:19:59,20260619,2,2,26.36,3330,1718230
2026-06-19 09:20:01,20260619,2,2,26.33,2480,1720710
2026-06-19 09:20:02,20260619,2,2,26.35,4060,1724770
2026-06-19 09:20:02,20260619,2,2,26.33,3460,1728230
2026-06-19 09:20:06,20260619,2,2,26.33,3500,1731730
2026-06-19 09:20:10,20260619,2,2,26.27,2880,1734610
2026-06-19 09:20:11,20260619,2,2,26.27,3620,1738230
2026-06-19 09:20:13,20260619,2,2,26.25,4430,1742660
2026-06-19 09:20:16,20260619,2,2,26.19,3890,1746550
2026-06-19 09:20:17,20260619,2,2,26.29,4720,1751270
2026-06-19 09:20:20,20260619,2,2,26.24,4710,1755980
2026-06-19 09:20:27,20260619,2,2,26.24,2100,1758080
2026-06-19 09:20:29,20260619,2,2,26.2,3020,1761100
2026-06-19 09:20:31,20260619,2,2,26.21,2950,1764050
2026-06-19 09:20:35,20260619,2,2,26.15,2300,1766350
2026-06-19 09:20:38,20260619,2,2,26.19,4160,1770510
2026-06-19 09:20:40,20260619,2,2,26.25,4570,1776790
2026-06-19 09:20:40,20260619,2,2,26.31,1920,1778710
2026-06-19 09:20:40,20260619,2,2,26.29,1710,1772220
2026-06-19 09:20:41,20260619,2,2,26.29,4640,1783350
2026-06-19 09:20:41,20260619,2,2,26.37,3820,1787170
2026-06-19 09:20:41,20260619,2,2,26.48,2740,1789910
2026-06-19 09:20:42,20260619,2,2,26.46,1410,1791320
2026-06-19 09:20:43,20260619,2,2,26.39,3310,1794630
2026-06-19 09:20:45,20260619,2,2,26.44,1290,1795920
2026-06-19 09:20:52,20260619,2,2,26.45,3890,1799810
2026-06-19 09:20:57,20260619,2,2,26.45,4260,1806350
2026-06-19 09:20:57,20260619,2,2,26.47,2280,1802090
2026-06-19 09:20:58,20260619,2,2,26.41,1690,1808040
2026-06-19 09:20:59,20260619,2,2,26.47,3090,1811130
2026-06-19 09:20:59,20260619,2,2,26.48,1180,1812310
2026-06-19 09:21:01,20260619,2,2,26.41,2470,1814780
2026-06-19 09:21:02,20260619,2,2,26.45,3020,1817800
2026-06-19 09:21:02,20260619,2,2,26.47,4840,1822640
2026-06-19 09:21:03,20260619,2,2,26.45,4850,1827490
2026-06-19 09:21:04,20260619,2,2,26.5,1960,1833460
2026-06-19 09:21:04,20260619,2,2,26.5,3250,1831500
2026-06-19 09:21:04,20260619,2,2,26.54,760,1828250
2026-06-19 09:21:05,20260619,2,2,26.53,450,1833910
2026-06-19 09:21:09,20260619,2,2,26.54,580,1834490
2026-06-19 09:21:10,20260619,2,2,26.47,2650,1837140
2026-06-19 09:21:12,20260619,2,2,26.48,4440,1841580
2026-06-19 09:21:14,20260619,2,2,26.46,1160,1842740
2026-06-19 09:21:14,20260619,2,2,26.5,170,1842910
2026-06-19 09:21:15,20260619,2,2,26.51,1870,1847230
2026-06-19 09:21:15,20260619,2,2,26.51,2450,1845360
2026-06-19 09:21:17,20260619,2,2,26.46,2510,1849740
2026-06-19 09:21:22,20260619,2,2,26.45,500,1850240
2026-06-19 09:21:24,20260619,2,2,26.5,3660,1853900
2026-06-19 09:21:25,20260619,2,2,26.46,2540,1856440
2026-06-19 09:21:26,20260619,2,2,26.46,1220,1857660
2026-06-19 09:21:28,20260619,2,2,26.41,3740,1861400
2026-06-19 09:21:30,20260619,2,2,26.35,2650,1864050
2026-06-19 09:21:32,20260619,2,2,26.35,1750,1865800
2026-06-19 09:21:32,20260619,2,2,26.36,3510,1869310
2026-06-19 09:21:34,20260619,2,2,26.46,870,1870180
2026-06-19 09:21:35,20260619,2,2,26.43,2160,1872340
2026-06-19 09:21:38,20260619,2,2,26.43,3200,1875540
2026-06-19 09:21:39,20260619,2,2,26.37,3750,1879290
2026-06-19 09:21:40,20260619,2,2,26.4,2050,1881340
2026-06-19 09:21:43,20260619,2,2,26.42,4110,1885450
2026-06-19 09:21:44,20260619,2,2,26.49,3300,1888750
2026-06-19 09:21:45,20260619,2,2,26.55,730,1889480
2026-06-19 09:21:45,20260619,2,2,26.57,1490,1890970
2026-06-19 09:21:46,20260619,2,2,26.54,3830,1894800
2026-06-19 09:21:47,20260619,2,2,26.55,4340,1899140
2026-06-19 09:21:49,20260619,2,2,26.55,510,1899650
2026-06-19 09:21:52,20260619,2,2,26.59,3820,1903470
2026-06-19 09:21:53,20260619,2,2,26.64,4530,1908000
2026-06-19 09:21:57,20260619,2,2,26.62,3150,1911150
2026-06-19 09:21:57,20260619,2,2,26.55,2180,1913330
2026-06-19 09:21:59,20260619,2,2,26.61,4760,1918090
2026-06-19 09:21:59,20260619,2,2,26.64,4290,1922380
2026-06-19 09:21:59,20260619,2,2,26.63,3130,1925510
2026-06-19 09:22:03,20260619,2,2,26.65,4640,1930150
2026-06-19 09:22:04,20260619,2,2,26.72,4010,1934980
2026-06-19 09:22:04,20260619,2,2,26.66,820,1930970
2026-06-19 09:22:07,20260619,2,2,26.63,1620,1936600
2026-06-19 09:22:11,20260619,2,2,26.61,1440,1938040
2026-06-19 09:22:11,20260619,2,2,26.69,3710,1941750
2026-06-19 09:22:20,20260619,2,2,26.72,2730,1944480
2026-06-19 09:22:21,20260619,2,2,26.8,2250,1946730
2026-06-19 09:22:21,20260619,2,2,26.74,2180,1948910
2026-06-19 09:22:22,20260619,2,2,26.8,2130,1951040
2026-06-19 09:22:24,20260619,2,2,26.85,1190,1952230
2026-06-19 09:22:28,20260619,2,2,26.76,400,1952630
2026-06-19 09:22:34,20260619,2,2,26.75,210,1952840
2026-06-19 09:22:34,20260619,2,2,26.74,1360,1954200
2026-06-19 09:22:35,20260619,2,2,26.66,3220,1957420
2026-06-19 09:22:36,20260619,2,2,26.65,2030,1959450
2026-06-19 09:22:38,20260619,2,2,26.69,1490,1960940
2026-06-19 09:22:39,20260619,2,2,26.67,360,1961300
2026-06-19 09:22:40,20260619,2,2,26.69,550,1961850
2026-06-19 09:22:44,20260619,2,2,26.7,1440,1963290
2026-06-19 09:22:47,20260619,2,2,26.7,3260,1966550
2026-06-19 09:22:50,20260619,2,2,26.66,4510,1971060
2026-06-19 09:22:54,20260619,2,2,26.69,670,1971730
2026-06-19 09:22:55,20260619,2,2,26.62,220,1971950
2026-06-19 09:22:55,20260619,2,2,26.62,4460,1976410
2026-06-19 09:22:55,20260619,2,2,26.69,1090,1977500
2026-06-19 09:22:57,20260619,2,2,26.66,4580,1982080
2026-06-19 09:23:01,20260619,2,2,26.63,580,1982660
2026-06-19 09:23:02,20260619,2,2,26.66,3000,1985660
2026-06-19 09:23:04,20260619,2,2,26.67,1030,1986690
2026-06-19 09:23:08,20260619,2,2,26.71,1540,1989270
2026-06-19 09:23:08,20260619,2,2,26.71,1040,1987730
2026-06-19 09:23:12,20260619,2,2,26.59,810,1990080
2026-06-19 09:23:19,20260619,2,2,26.65,4600,1994680
2026-06-19 09:23:19,20260619,2,2,26.75,3880,1998560
2026-06-19 09:23:24,20260619,2,2,26.82,190,1998750
2026-06-19 09:23:30,20260619,2,2,26.64,1710,2000460
2026-06-19 09:23:30,20260619,2,2,26.66,2230,2002690
2026-06-19 09:23:32,20260619,2,2,26.64,130,2002820
2026-06-19 09:23:33,20260619,2,2,26.59,2330,2005150
2026-06-19 09:23:34,20260619,2,2,26.61,3110,2012540
2026-06-19 09:23:34,20260619,2,2,26.58,380,2009430
2026-06-19 09:23:34,20260619,2,2,26.59,3900,2009050
2026-06-19 09:23:35,20260619,2,2,26.61,2120,2014660
2026-06-19 09:23:39,20260619,2,2,26.56,4390,2019050
2026-06-19 09:23:40,20260619,2,2,26.53,860,2019910
2026-06-19 09:23:41,20260619,2,2,26.49,680,2020590
2026-06-19 09:23:42,20260619,2,2,26.4,4540,2025130
2026-06-19 09:23:43,20260619,2,2,26.34,2050,2027180
2026-06-19 09:23:45,20260619,2,2,26.33,3310,2030490
2026-06-19 09:23:45,20260619,2,2,26.4,4270,2034760
2026-06-19 09:23:46,20260619,2,2,26.33,3510,2039430
2026-06-19 09:23:46,20260619,2,2,26.37,1160,2035920
2026-06-19 09:23:49,20260619,2,2,26.27,3980,2043410
2026-06-19 09:23:56,20260619,2,2,26.27,180,2043590
2026-06-19 09:23:56,20260619,2,2,26.33,290,2043880
2026-06-19 09:23:59,20260619,2,2,26.43,1580,2045460
2026-06-19 09:24:01,20260619,2,2,26.45,3920,2049380
2026-06-19 09:24:01,20260619,2,2,26.45,260,2049640
2026-06-19 09:24:02,20260619,2,2,26.43,210,2049850
2026-06-19 09:24:05,20260619,2,2,26.44,910,2055610
2026-06-19 09:24:05,20260619,2,2,26.41,4850,2054700
2026-06-19 09:24:06,20260619,2,2,26.42,760,2056370
2026-06-19 09:24:12,20260619,2,2,26.42,1420,2057790
2026-06-19 09:24:16,20260619,2,2,26.42,4530,2062320
2026-06-19 09:24:17,20260619,2,2,26.39,620,2062940
2026-06-19 09:24:19,20260619,2,2,26.38,4450,2067390
2026-06-19 09:24:20,20260619,2,2,26.28,2150,2069540
2026-06-19 09:24:22,20260619,2,2,26.31,4410,2073950
2026-06-19 09:24:31,20260619,2,2,26.4,4120,2082900
2026-06-19 09:24:31,20260619,2,2,26.43,4830,2078780
2026-06-19 09:24:32,20260619,2,2,26.42,2420,2085320
2026-06-19 09:24:34,20260619,2,2,26.46,4100,2089420
2026-06-19 09:24:34,20260619,2,2,26.52,630,2090050
2026-06-19 09:24:34,20260619,2,2,26.51,4960,2095010
2026-06-19 09:24:34,20260619,2,2,26.42,4990,2100000
2026-06-19 09:24:35,20260619,2,2,26.43,770,2100770
2026-06-19 09:24:35,20260619,2,2,26.44,4990,2105760
2026-06-19 09:24:38,20260619,2,2,26.42,3000,2108760
2026-06-19 09:24:40,20260619,2,2,26.42,3530,2112290
2026-06-19 09:24:41,20260619,2,2,26.42,1780,2114070
2026-06-19 09:24:43,20260619,2,2,26.44,4060,2118130
2026-06-19 09:24:47,20260619,2,2,26.46,1700,2119830
2026-06-19 09:24:48,20260619,2,2,26.45,240,2120070
2026-06-19 09:24:50,20260619,2,2,26.47,2000,2122070
2026-06-19 09:24:51,20260619,2,2,26.45,240,2122310
2026-06-19 09:24:53,20260619,2,2,26.48,2960,2125270
2026-06-19 09:24:53,20260619,2,2,26.45,3720,2128990
2026-06-19 09:24:53,20260619,2,2,26.46,4210,2133200
2026-06-19 09:24:53,20260619,2,2,26.37,190,2133390
2026-06-19 09:24:55,20260619,2,2,26.38,2080,2136130
2026-06-19 09:24:55,20260619,2,2,26.36,660,2134050
2026-06-19 09:24:57,20260619,2,2,26.33,1700,2137830
2026-06-19 09:24:57,20260619,2,2,26.32,2720,2140550
2026-06-19 09:25:00,20260619,2,2,26.2,3980,2144530
2026-06-19 09:25:03,20260619,2,2,26.13,4830,2149360
2026-06-19 09:25:08,20260619,2,2,26.07,3900,2153260
2026-06-19 09:25:09,20260619,2,2,26.08,2620,2155880
2026-06-19 09:25:10,20260619,2,2,26.09,1280,2157160
2026-06-19 09:25:12,20260619,2,2,26.07,1330,2159380
2026-06-19 09:25:12,20260619,2,2,26.09,890,2158050
2026-06-19 09:25:14,20260619,2,2,26.05,3220,2162600
2026-06-19 09:25:16,20260619,2,2,26.09,810,2163410
2026-06-19 09:25:19,20260619,2,2,26.1,4790,2168200
2026-06-19 09:25:28,20260619,2,2,26.08,4910,2173110
2026-06-19 09:25:29,20260619,2,2,26.15,1770,2174880
2026-06-19 09:25:30,20260619,2,2,26.25,2930,2177810
2026-06-19 09:25:31,20260619,2,2,26.18,450,2178260
2026-06-19 09:25:32,20260619,2,2,26.21,3210,2181470
2026-06-19 09:25:34,20260619,2,2,26.36,1840,2183310
2026-06-19 09:25:35,20260619,2,2,26.38,2080,2185390
2026-06-19 09:25:38,20260619,2,2,26.38,1250,2186640
2026-06-19 09:25:39,20260619,2,2,26.38,4330,2190970
2026-06-19 09:25:45,20260619,2,2,26.41,3240,2194210
2026-06-19 09:25:45,20260619,2,2,26.44,4360,2198570
2026-06-19 09:25:45,20260619,2,2,26.38,2290,2200860
2026-06-19 09:25:46,20260619,2,2,26.38,3880,2204740
2026-06-19 09:25:49,20260619,2,2,26.27,750,2205490
2026-06-19 09:25:51,20260619,2,2,26.26,2740,2208230
2026-06-19 09:25:56,20260619,2,2,26.21,1430,2209660
2026-06-19 09:25:59,20260619,2,2,26.23,1280,2210940
2026-06-19 09:26:00,20260619,2,2,26.14,1310,2212250
2026-06-19 09:26:01,20260619,2,2,26.12,3300,2215550
2026-06-19 09:26:01,20260619,2,2,26.17,3960,2219510
2026-06-19 09:26:01,20260619,2,2,26.13,4670,2224180
2026-06-19 09:26:01,20260619,2,2,26.04,4300,2228480
2026-06-19 09:26:03,20260619,2,2,26.05,3920,2232400
2026-06-19 09:26:06,20260619,2,2,26.02,960,2233360
2026-06-19 09:26:07,20260619,2,2,26.01,2980,2236340
2026-06-19 09:26:09,20260619,2,2,25.98,1460,2237800
2026-06-19 09:26:11,20260619,2,2,26.07,620,2238420
2026-06-19 09:26:11,20260619,2,2,26.0,2140,2240560
2026-06-19 09:26:11,20260619,2,2,26.14,3570,2244130
2026-06-19 09:26:13,20260619,2,2,26.12,600,2244730
2026-06-19 09:26:15,20260619,2,2,26.13,3360,2248090
2026-06-19 09:26:25,20260619,2,2,26.1,4190,2252280
2026-06-19 09:26:25,20260619,2,2,26.07,4090,2256370
2026-06-19 09:26:26,20260619,2,2,26.03,490,2256860
2026-06-19 09:26:27,20260619,2,2,26.06,2590,2259450
2026-06-19 09:26:28,20260619,2,2,25.99,2270,2261720
2026-06-19 09:26:29,20260619,2,2,26.01,1880,2263600
2026-06-19 09:26:29,20260619,2,2,25.9,480,2264080
2026-06-19 09:26:32,20260619,2,2,25.91,1920,2266000
2026-06-19 09:26:35,20260619,2,2,25.95,2330,2268330
2026-06-19 09:26:37,20260619,2,2,25.89,1730,2270060
2026-06-19 09:26:38,20260619,2,2,25.92,2430,2272490
2026-06-19 09:26:42,20260619,2,2,25.93,3860,2276350
2026-06-19 09:26:43,20260619,2,2,26.1,4700,2284010
2026-06-19 09:26:43,20260619,2,2,26.01,2020,2278370
2026-06-19 09:26:43,20260619,2,2,25.96,940,2279310
2026-06-19 09:26:44,20260619,2,2,25.99,2520,2286530
2026-06-19 09:26:47,20260619,2,2,25.97,4830,2291360
2026-06-19 09:26:49,20260619,2,2,25.88,1820,2293180
2026-06-19 09:26:53,20260619,2,2,25.96,460,2297660
2026-06-19 09:26:53,20260619,2,2,25.98,4020,2297200
2026-06-19 09:26:53,20260619,2,2,25.95,960,2298620
2026-06-19 09:26:54,20260619,2,2,25.98,2030,2302030
2026-06-19 09:26:54,20260619,2,2,25.98,1380,2300000
2026-06-19 09:26:55,20260619,2,2,25.95,3280,2305310
2026-06-19 09:26:56,20260619,2,2,25.88,520,2305830
2026-06-19 09:26:57,20260619,2,2,25.89,4210,2310040
2026-06-19 09:27:02,20260619,2,2,25.91,3650,2313690
2026-06-19 09:27:03,20260619,2,2,25.95,1680,2315370
2026-06-19 09:27:03,20260619,2,2,26.04,1140,2316510
2026-06-19 09:27:06,20260619,2,2,25.93,2380,2323510
2026-06-19 09:27:06,20260619,2,2,25.93,4620,2321130
2026-06-19 09:27:07,20260619,2,2,25.99,2260,2325770
2026-06-19 09:27:08,20260619,2,2,25.98,2730,2328500
2026-06-19 09:27:08,20260619,2,2,25.87,4270,2332770
2026-06-19 09:27:08,20260619,2,2,25.8,4960,2337730
2026-06-19 09:27:09,20260619,2,2,25.82,580,2338310
2026-06-19 09:27:12,20260619,2,2,25.83,3610,2341920
2026-06-19 09:27:15,20260619,2,2,25.87,4510,2346430
2026-06-19 09:27:18,20260619,2,2,25.83,1320,2347750
2026-06-19 09:27:20,20260619,2,2,25.84,4680,2352430
2026-06-19 09:27:29,20260619,2,2,25.79,3120,2355550
2026-06-19 09:27:30,20260619,2,2,25.81,340,2355890
2026-06-19 09:27:33,20260619,2,2,25.81,1400,2357290
2026-06-19 09:27:34,20260619,2,2,25.77,4380,2361670
2026-06-19 09:27:40,20260619,2,2,25.85,3790,2365460
2026-06-19 09:27:42,20260619,2,2,25.76,4450,2369910
2026-06-19 09:27:47,20260619,2,2,25.75,2330,2372240
2026-06-19 09:27:48,20260619,2,2,25.71,1080,2373320
2026-06-19 09:27:49,20260619,2,2,25.8,3610,2376930
2026-06-19 09:27:49,20260619,2,2,25.83,2990,2379920
2026-06-19 09:27:50,20260619,2,2,25.79,2060,2386920
2026-06-19 09:27:50,20260619,2,2,25.8,4940,2384860
2026-06-19 09:27:51,20260619,2,2,25.88,1180,2388100
2026-06-19 09:27:52,20260619,2,2,25.83,3570,2391670
2026-06-19 09:27:54,20260619,2,2,25.74,2290,2393960
2026-06-19 09:27:55,20260619,2,2,25.76,2730,2396690
2026-06-19 09:27:55,20260619,2,2,25.77,4200,2400890
2026-06-19 09:27:58,20260619,2,2,25.81,2170,2403060
2026-06-19 09:27:58,20260619,2,2,25.84,3280,2406340
2026-06-19 09:28:00,20260619,2,2,25.93,910,2407250
2026-06-19 09:28:01,20260619,2,2,25.84,340,2407590
2026-06-19 09:28:05,20260619,2,2,25.78,1950,2409540
2026-06-19 09:28:08,20260619,2,2,25.82,4410,2413950
2026-06-19 09:28:11,20260619,2,2,25.76,3940,2417890
2026-06-19 09:28:12,20260619,2,2,25.69,170,2418060
2026-06-19 09:28:12,20260619,2,2,25.78,1330,2419390
2026-06-19 09:28:13,20260619,2,2,25.7,1580,2420970
2026-06-19 09:28:15,20260619,2,2,25.68,1070,2422040
2026-06-19 09:28:16,20260619,2,2,25.68,2250,2424290
2026-06-19 09:28:17,20260619,2,2,25.75,1100,2425390
2026-06-19 09:28:24,20260619,2,2,25.67,3760,2431420
2026-06-19 09:28:24,20260619,2,2,25.65,2270,2427660
2026-06-19 09:28:26,20260619,2,2,25.63,4710,2436130
2026-06-19 09:28:33,20260619,2,2,25.66,4220,2440350
2026-06-19 09:28:34,20260619,2,2,25.61,4230,2444580
2026-06-19 09:28:39,20260619,2,2,25.69,2680,2447260
2026-06-19 09:28:39,20260619,2,2,25.65,4000,2451260
2026-06-19 09:28:41,20260619,2,2,25.53,3650,2454910
2026-06-19 09:28:42,20260619,2,2,25.49,200,2455110
2026-06-19 09:28:43,20260619,2,2,25.47,4250,2459360
2026-06-19 09:28:44,20260619,2,2,25.53,680,2460040
2026-06-19 09:28:45,20260619,2,2,25.4,1490,2464120
2026-06-19 09:28:45,20260619,2,2,25.46,2590,2462630
2026-06-19 09:28:46,20260619,2,2,25.45,3440,2467560
2026-06-19 09:28:47,20260619,2,2,25.38,470,2468030
2026-06-19 09:28:50,20260619,2,2,25.37,1310,2469340
2026-06-19 09:28:50,20260619,2,2,25.36,4170,2473510
2026-06-19 09:28:52,20260619,2,2,25.38,740,2474250
2026-06-19 09:28:56,20260619,2,2,25.34,1550,2475800
2026-06-19 09:28:59,20260619,2,2,25.29,3110,2478910
2026-06-19 09:29:00,20260619,2,2,25.31,1340,2480250
2026-06-19 09:29:05,20260619,2,2,25.26,3210,2483460
2026-06-19 09:29:06,20260619,2,2,25.2,2000,2485460
2026-06-19 09:29:09,20260619,2,2,25.26,2720,2488180
2026-06-19 09:29:10,20260619,2,2,25.28,4990,2493170
2026-06-19 09:29:11,20260619,2,2,25.37,3700,2496870
2026-06-19 09:29:13,20260619,2,2,25.41,4590,2501460
2026-06-19 09:29:14,20260619,2,2,25.35,3050,2504510
2026-06-19 09:29:15,20260619,2,2,25.35,1910,2506420
2026-06-19 09:29:15,20260619,2,2,25.3,1680,2508100
2026-06-19 09:29:27,20260619,2,2,25.22,3620,2511720
2026-06-19 09:29:32,20260619,2,2,25.19,3170,2514890
2026-06-19 09:29:34,20260619,2,2,25.24,4870,2519760
2026-06-19 09:29:35,20260619,2,2,25.26,2960,2522720
2026-06-19 09:29:36,20260619,2,2,25.19,1710,2524430
2026-06-19 09:29:36,20260619,2,2,25.16,2720,2527150
2026-06-19 09:29:42,20260619,2,2,25.16,2260,2529410
2026-06-19 09:29:42,20260619,2,2,25.07,4090,2533500
2026-06-19 09:29:44,20260619,2,2,25.11,4150,2537650
2026-06-19 09:29:45,20260619,2,2,25.1,4930,2542580
2026-06-19 09:29:46,20260619,2,2,25.03,1900,2544480
2026-06-19 09:29:46,20260619,2,2,24.95,1000,2545480
2026-06-19 09:29:51,20260619,2,2,25.01,260,2545740
2026-06-19 09:29:52,20260619,2,2,24.99,1340,2547080
2026-06-19 09:29:54,20260619,2,2,25.05,2690,2549770
2026-06-19 09:29:54,20260619,2,2,25.13,4540,2554310
2026-06-19 09:29:54,20260619,2,2,25.18,3870,2558180
2026-06-19 09:29:55,20260619,2,2,25.15,3640,2561820
2026-06-19 09:29:55,20260619,2,2,25.03,4980,2566800
2026-06-19 09:29:59,20260619,2,2,25.15,2480,2571510
2026-06-19 09:29:59,20260619,2,2,25.04,2230,2569030
2026-06-19 09:30:00,20260619,2,2,25.15,1890,2573400
2026-06-19 09:30:01,20260619,2,2,25.05,4280,2577680
2026-06-19 09:30:02,20260619,2,2,25.01,1810,2579490
2026-06-19 09:30:02,20260619,2,2,25.0,1520,2581010
2026-06-19 09:30:05,20260619,2,2,24.95,3260,2584270
2026-06-19 09:30:06,20260619,2,2,24.82,2530,2586800
2026-06-19 09:30:09,20260619,2,2,24.82,2410,2589210
2026-06-19 09:30:09,20260619,2,2,24.78,1810,2591020
2026-06-19 09:30:10,20260619,2,2,24.87,2860,2593880
2026-06-19 09:30:13,20260619,2,2,24.87,860,2594740
2026-06-19 09:30:13,20260619,2,2,24.89,3120,2597860
2026-06-19 09:30:14,20260619,2,2,24.89,3400,2601260
2026-06-19 09:30:16,20260619,2,2,24.89,580,2601840
2026-06-19 09:30:17,20260619,2,2,24.81,4460,2606300
2026-06-19 09:30:17,20260619,2,2,24.76,2570,2608870
2026-06-19 09:30:18,20260619,2,2,24.81,2920,2611790
2026-06-19 09:30:18,20260619,2,2,24.82,2960,2614750
2026-06-19 09:30:19,20260619,2,2,24.8,4370,2619120
2026-06-19 09:30:20,20260619,2,2,24.85,1670,2621200
2026-06-19 09:30:20,20260619,2,2,24.83,410,2619530
2026-06-19 09:30:22,20260619,2,2,24.95,270,2621470
2026-06-19 09:30:22,20260619,2,2,24.96,3900,2625370
2026-06-19 09:30:23,20260619,2,2,24.91,720,2626090
2026-06-19 09:30:24,20260619,2,2,24.9,1370,2627460
2026-06-19 09:30:28,20260619,2,2,24.93,250,2627710
2026-06-19 09:30:29,20260619,2,2,24.98,1720,2629430
2026-06-19 09:30:30,20260619,2,2,24.9,4550,2633980
2026-06-19 09:30:33,20260619,2,2,24.91,2600,2636580
2026-06-19 09:30:33,20260619,2,2,24.87,1460,2638040
2026-06-19 09:30:34,20260619,2,2,24.84,3270,2641310
2026-06-19 09:30:35,20260619,2,2,24.88,3040,2644350
2026-06-19 09:30:35,20260619,2,2,24.92,1880,2646230
2026-06-19 09:30:35,20260619,2,2,24.89,2380,2648610
2026-06-19 09:30:35,20260619,2,2,24.88,3800,2652410
2026-06-19 09:30:36,20260619,2,2,24.85,4030,2656440
2026-06-19 09:30:38,20260619,2,2,25.01,4050,2662380
2026-06-19 09:30:38,20260619,2,2,25.0,1890,2658330
2026-06-19 09:30:39,20260619,2,2,24.97,810,2663190
2026-06-19 09:30:42,20260619,2,2,25.03,3270,2666460
2026-06-19 09:30:43,20260619,2,2,25.1,3960,2670420
2026-06-19 09:30:43,20260619,2,2,25.19,920,2671340
2026-06-19 09:30:43,20260619,2,2,25.3,3880,2675220
2026-06-19 09:30:46,20260619,2,2,25.33,4040,2679260
2026-06-19 09:30:46,20260619,2,2,25.31,1450,2680710
2026-06-19 09:30:48,20260619,2,2,25.3,2270,2682980
2026-06-19 09:30:50,20260619,2,2,25.29,1180,2684160
2026-06-19 09:30:51,20260619,2,2,25.27,3870,2688030
2026-06-19 09:30:53,20260619,2,2,25.33,4160,2692190
2026-06-19 09:30:54,20260619,2,2,25.33,1280,2693470
2026-06-19 09:30:54,20260619,2,2,25.38,4030,2697500
2026-06-19 09:30:55,20260619,2,2,25.41,270,2697770
2026-06-19 09:30:56,20260619,2,2,25.36,3410,2701180
2026-06-19 09:30:56,20260619,2,2,25.27,4320,2705500
2026-06-19 09:30:59,20260619,2,2,25.21,1630,2707130
2026-06-19 09:31:01,20260619,2,2,25.19,200,2707330
2026-06-19 09:31:02,20260619,2,2,25.2,1470,2708800
2026-06-19 09:31:03,20260619,2,2,25.17,800,2714270
2026-06-19 09:31:03,20260619,2,2,25.2,710,2713470
2026-06-19 09:31:03,20260619,2,2,25.16,3960,2712760
2026-06-19 09:31:06,20260619,2,2,25.19,700,2714970
2026-06-19 09:31:08,20260619,2,2,25.19,1410,2716380
2026-06-19 09:31:08,20260619,2,2,25.28,700,2717080
2026-06-19 09:31:14,20260619,2,2,25.23,4970,2722050
2026-06-19 09:31:16,20260619,2,2,25.34,4010,2726060
2026-06-19 09:31:16,20260619,2,2,25.31,3670,2729730
2026-06-19 09:31:20,20260619,2,2,25.24,2780,2732510
2026-06-19 09:31:23,20260619,2,2,25.23,210,2732720
2026-06-19 09:31:24,20260619,2,2,25.44,4950,2738110
2026-06-19 09:31:24,20260619,2,2,25.39,440,2733160
2026-06-19 09:31:25,20260619,2,2,25.47,4470,2742580
2026-06-19 09:31:26,20260619,2,2,25.51,600,2743180
2026-06-19 09:31:27,20260619,2,2,25.47,520,2743700
2026-06-19 09:31:27,20260619,2,2,25.49,2370,2746070
2026-06-19 09:31:27,20260619,2,2,25.49,1200,2747270
2026-06-19 09:31:27,20260619,2,2,25.58,3310,2750580
2026-06-19 09:31:28,20260619,2,2,25.57,240,2750820
2026-06-19 09:31:29,20260619,2,2,25.49,1710,2754390
2026-06-19 09:31:29,20260619,2,2,25.55,1860,2752680
2026-06-19 09:31:31,20260619,2,2,25.5,480,2754870
2026-06-19 09:31:32,20260619,2,2,25.52,350,2755220
2026-06-19 09:31:38,20260619,2,2,25.46,1210,2756430
2026-06-19 09:31:40,20260619,2,2,25.48,4620,2761050
2026-06-19 09:31:44,20260619,2,2,25.49,4410,2765460
2026-06-19 09:31:47,20260619,2,2,25.54,4820,2770280
2026-06-19 09:31:48,20260619,2,2,25.6,600,2770880
2026-06-19 09:31:51,20260619,2,2,25.61,4910,2775790
2026-06-19 09:31:52,20260619,2,2,25.51,3970,2783520
2026-06-19 09:31:52,20260619,2,2,25.55,3760,2779550
2026-06-19 09:31:53,20260619,2,2,25.6,1070,2784590
2026-06-19 09:31:54,20260619,2,2,25.61,4200,2788790
2026-06-19 09:31:54,20260619,2,2,25.7,3840,2792630
2026-06-19 09:31:55,20260619,2,2,25.72,1790,2794420
2026-06-19 09:31:55,20260619,2,2,25.76,650,2795070
2026-06-19 09:31:56,20260619,2,2,25.81,2300,2797370
2026-06-19 09:31:56,20260619,2,2,25.74,3340,2800710
2026-06-19 09:31:59,20260619,2,2,25.76,1550,2802260
2026-06-19 09:32:06,20260619,2,2,25.7,4540,2806800
2026-06-19 09:32:11,20260619,2,2,25.68,2690,2809490
2026-06-19 09:32:15,20260619,2,2,25.72,1380,2810870
2026-06-19 09:32:17,20260619,2,2,25.66,590,2811460
2026-06-19 09:32:20,20260619,2,2,25.69,3490,2814950
2026-06-19 09:32:23,20260619,2,2,25.62,3350,2818300
2026-06-19 09:32:23,20260619,2,2,25.68,4130,2822430
2026-06-19 09:32:28,20260619,2,2,25.64,290,2822720
2026-06-19 09:32:30,20260619,2,2,25.59,1830,2824550
2026-06-19 09:32:34,20260619,2,2,25.52,2920,2827470
2026-06-19 09:32:38,20260619,2,2,25.49,350,2827820
2026-06-19 09:32:38,20260619,2,2,25.39,1690,2829510
2026-06-19 09:32:42,20260619,2,2,25.37,190,2829700
2026-06-19 09:32:42,20260619,2,2,25.42,910,2830610
2026-06-19 09:32:43,20260619,2,2,25.41,2650,2833260
2026-06-19 09:32:45,20260619,2,2,25.35,1140,2834400
2026-06-19 09:32:46,20260619,2,2,25.36,1490,2835890
2026-06-19 09:32:47,20260619,2,2,25.37,2110,2838000
2026-06-19 09:32:50,20260619,2,2,25.47,3530,2841530
2026-06-19 09:32:52,20260619,2,2,25.51,330,2841860
2026-06-19 09:32:57,20260619,2,2,25.52,3820,2845680
2026-06-19 09:33:00,20260619,2,2,25.57,4440,2850120
2026-06-19 09:33:01,20260619,2,2,25.56,4310,2854430
2026-06-19 09:33:01,20260619,2,2,25.56,550,2854980
2026-06-19 09:33:02,20260619,2,2,25.64,2260,2857240
2026-06-19 09:33:05,20260619,2,2,25.56,4010,2861250
2026-06-19 09:33:08,20260619,2,2,25.61,640,2861890
2026-06-19 09:33:09,20260619,2,2,25.6,870,2862760
2026-06-19 09:33:11,20260619,2,2,25.59,1680,2864440
2026-06-19 09:33:18,20260619,2,2,25.57,2810,2870780
2026-06-19 09:33:18,20260619,2,2,25.57,1570,2872350
2026-06-19 09:33:18,20260619,2,2,25.56,3530,2867970
2026-06-19 09:33:20,20260619,2,2,25.55,470,2872820
2026-06-19 09:33:27,20260619,2,2,25.51,1200,2874020
2026-06-19 09:33:30,20260619,2,2,25.42,240,2874260
2026-06-19 09:33:38,20260619,2,2,25.38,870,2875130
2026-06-19 09:33:40,20260619,2,2,25.35,850,2875980
2026-06-19 09:33:40,20260619,2,2,25.36,4270,2880250
2026-06-19 09:33:42,20260619,2,2,25.46,3370,2883620
2026-06-19 09:33:44,20260619,2,2,25.43,2840,2886460
2026-06-19 09:33:45,20260619,2,2,25.34,3850,2892370
2026-06-19 09:33:45,20260619,2,2,25.38,2060,2888520
2026-06-19 09:33:50,20260619,2,2,25.35,2280,2894650
2026-06-19 09:33:51,20260619,2,2,25.38,720,2895370
2026-06-19 09:33:52,20260619,2,2,25.42,3700,2899070
2026-06-19 09:33:52,20260619,2,2,25.46,4700,2903770
2026-06-19 09:33:53,20260619,2,2,25.5,410,2904180
2026-06-19 09:33:54,20260619,2,2,25.49,4880,2909060
2026-06-19 09:33:56,20260619,2,2,25.58,1190,2912670
2026-06-19 09:33:56,20260619,2,2,25.58,1740,2914410
2026-06-19 09:33:56,20260619,2,2,25.59,2420,2911480
2026-06-19 09:33:57,20260619,2,2,25.65,2030,2916440
2026-06-19 09:33:58,20260619,2,2,25.67,160,2916600
2026-06-19 09:34:00,20260619,2,2,25.56,4410,2921010
2026-06-19 09:34:01,20260619,2,2,25.56,1480,2922490
2026-06-19 09:34:01,20260619,2,2,25.61,4680,2927170
2026-06-19 09:34:03,20260619,2,2,25.54,3520,2930690
2026-06-19 09:34:05,20260619,2,2,25.58,2960,2933650
2026-06-19 09:34:08,20260619,2,2,25.6,4370,2938020
2026-06-19 09:34:10,20260619,2,2,25.62,4650,2945770
2026-06-19 09:34:10,20260619,2,2,25.65,3100,2941120
2026-06-19 09:34:14,20260619,2,2,25.67,650,2946420
2026-06-19 09:34:15,20260619,2,2,25.68,1690,2948110
2026-06-19 09:34:16,20260619,2,2,25.77,1580,2949690
2026-06-19 09:34:19,20260619,2,2,25.91,2960,2952650
2026-06-19 09:34:20,20260619,2,2,25.98,2660,2955310
2026-06-19 09:34:25,20260619,2,2,26.01,4700,2960010
2026-06-19 09:34:27,20260619,2,2,26.12,1480,2961490
2026-06-19 09:34:29,20260619,2,2,26.11,3330,2968400
2026-06-19 09:34:29,20260619,2,2,26.15,3580,2965070
2026-06-19 09:34:31,20260619,2,2,26.11,3010,2971410
2026-06-19 09:34:37,20260619,2,2,26.14,3440,2974850
2026-06-19 09:34:37,20260619,2,2,26.18,1960,2976810
2026-06-19 09:34:38,20260619,2,2,26.13,3320,2980130
2026-06-19 09:34:39,20260619,2,2,26.07,1930,2982060
2026-06-19 09:34:42,20260619,2,2,26.06,3160,2985220
2026-06-19 09:34:45,20260619,2,2,26.08,4220,2989440
2026-06-19 09:34:50,20260619,2,2,26.12,4780,2994220
2026-06-19 09:34:51,20260619,2,2,26.12,3950,2998170
2026-06-19 09:34:58,20260619,2,2,26.08,2710,3000880
2026-06-19 09:35:02,20260619,2,2,26.17,4240,3005120
2026-06-19 09:35:05,20260619,2,2,26.12,3190,3008310
2026-06-19 09:35:05,20260619,2,2,26.18,3530,3011840
2026-06-19 09:35:06,20260619,2,2,26.22,4330,3016170
2026-06-19 09:35:07,20260619,2,2,26.28,1540,3017710
2026-06-19 09:35:08,20260619,2,2,26.26,2700,3020410
2026-06-19 09:35:13,20260619,2,2,26.25,110,3020520
2026-06-19 09:35:14,20260619,2,2,26.25,3230,3023750
2026-06-19 09:35:17,20260619,2,2,26.23,210,3023960
2026-06-19 09:35:18,20260619,2,2,26.24,2700,3026660
2026-06-19 09:35:27,20260619,2,2,26.32,3710,3030370
2026-06-19 09:35:29,20260619,2,2,26.26,4530,3034900
2026-06-19 09:35:32,20260619,2,2,26.22,1780,3036680
2026-06-19 09:35:36,20260619,2,2,26.19,1570,3038250
2026-06-19 09:35:37,20260619,2,2,26.18,2090,3040340
2026-06-19 09:35:39,20260619,2,2,26.17,3940,3044280
2026-06-19 09:35:40,20260619,2,2,26.21,3210,3047490
2026-06-19 09:35:41,20260619,2,2,26.23,3210,3051490
2026-06-19 09:35:41,20260619,2,2,26.21,790,3048280
2026-06-19 09:35:43,20260619,2,2,26.25,630,3052120
2026-06-19 09:35:43,20260619,2,2,26.26,4040,3056160
2026-06-19 09:35:43,20260619,2,2,26.3,2680,3058840
2026-06-19 09:35:43,20260619,2,2,26.29,3600,3062440
2026-06-19 09:35:45,20260619,2,2,26.37,370,3062810
2026-06-19 09:35:46,20260619,2,2,26.5,3760,3066570
2026-06-19 09:35:47,20260619,2,2,26.54,3720,3070290
2026-06-19 09:35:48,20260619,2,2,26.55,1290,3071580
2026-06-19 09:35:49,20260619,2,2,26.58,1420,3073000
2026-06-19 09:35:50,20260619,2,2,26.52,3890,3076890
2026-06-19 09:35:50,20260619,2,2,26.53,990,3077880
2026-06-19 09:35:52,20260619,2,2,26.5,250,3078130
2026-06-19 09:35:52,20260619,2,2,26.52,2960,3081090
2026-06-19 09:35:52,20260619,2,2,26.48,2930,3084020
2026-06-19 09:35:52,20260619,2,2,26.47,4000,3088020
2026-06-19 09:35:54,20260619,2,2,26.37,2390,3090410
2026-06-19 09:35:56,20260619,2,2,26.31,1460,3091870
2026-06-19 09:35:56,20260619,2,2,26.33,3040,3094910
2026-06-19 09:35:57,20260619,2,2,26.29,2360,3097270
2026-06-19 09:36:02,20260619,2,2,26.34,4360,3101630
2026-06-19 09:36:05,20260619,2,2,26.29,360,3101990
2026-06-19 09:36:06,20260619,2,2,26.32,3410,3105400
2026-06-19 09:36:09,20260619,2,2,26.28,1260,3106660
2026-06-19 09:36:13,20260619,2,2,26.3,980,3107640
2026-06-19 09:36:14,20260619,2,2,26.22,1160,3108800
2026-06-19 09:36:16,20260619,2,2,26.2,2300,3111100
2026-06-19 09:36:19,20260619,2,2,26.16,2320,3113420
2026-06-19 09:36:20,20260619,2,2,26.2,1310,3114730
2026-06-19 09:36:23,20260619,2,2,26.16,3630,3122270
2026-06-19 09:36:23,20260619,2,2,26.22,3910,3118640
2026-06-19 09:36:24,20260619,2,2,26.15,420,3122690
2026-06-19 09:36:25,20260619,2,2,26.11,1000,3123690
2026-06-19 09:36:26,20260619,2,2,26.16,1930,3125620
2026-06-19 09:36:30,20260619,2,2,26.22,3850,3129470
2026-06-19 09:36:36,20260619,2,2,26.15,2670,3132140
2026-06-19 09:36:39,20260619,2,2,26.19,4070,3136210
2026-06-19 09:36:40,20260619,2,2,26.15,220,3136430
2026-06-19 09:36:41,20260619,2,2,26.14,3340,3140100
2026-06-19 09:36:41,20260619,2,2,26.14,330,3136760
2026-06-19 09:36:43,20260619,2,2,26.23,430,3140530
2026-06-19 09:36:44,20260619,2,2,26.18,2560,3143090
2026-06-19 09:36:44,20260619,2,2,26.22,3520,3146610
2026-06-19 09:36:47,20260619,2,2,26.17,280,3146890
2026-06-19 09:36:47,20260619,2,2,26.1,390,3147280
2026-06-19 09:36:48,20260619,2,2,26.1,580,3147860
2026-06-19 09:36:49,20260619,2,2,26.11,4360,3152220
2026-06-19 09:36:51,20260619,2,2,25.96,4090,3156310
2026-06-19 09:36:51,20260619,2,2,26.02,1890,3158200
2026-06-19 09:36:52,20260619,2,2,25.92,3790,3161990
2026-06-19 09:36:52,20260619,2,2,25.91,3810,3165800
2026-06-19 09:36:54,20260619,2,2,25.97,4970,3170770
2026-06-19 09:36:56,20260619,2,2,26.08,2350,3173120
2026-06-19 09:36:56,20260619,2,2,26.07,4420,3177540
2026-06-19 09:36:58,20260619,2,2,26.0,4040,3181580
2026-06-19 09:37:04,20260619,2,2,26.1,4400,3186850
2026-06-19 09:37:04,20260619,2,2,26.06,870,3182450
2026-06-19 09:37:05,20260619,2,2,26.08,2160,3189010
2026-06-19 09:37:06,20260619,2,2,26.05,440,3189450
2026-06-19 09:37:07,20260619,2,2,26.01,2590,3192040
2026-06-19 09:37:09,20260619,2,2,25.99,800,3192840
2026-06-19 09:37:11,20260619,2,2,26.01,4220,3197060
2026-06-19 09:37:12,20260619,2,2,25.98,3730,3200790
2026-06-19 09:37:13,20260619,2,2,25.96,3190,3203980
2026-06-19 09:37:16,20260619,2,2,25.99,4790,3208770
2026-06-19 09:37:21,20260619,2,2,25.92,2880,3211650
2026-06-19 09:37:22,20260619,2,2,25.9,1610,3213260
2026-06-19 09:37:23,20260619,2,2,25.82,2360,3215620
2026-06-19 09:37:27,20260619,2,2,25.82,2520,3218140
2026-06-19 09:37:28,20260619,2,2,25.72,190,3218330
2026-06-19 09:37:28,20260619,2,2,25.77,3260,3221590
2026-06-19 09:37:33,20260619,2,2,25.7,4010,3225600
2026-06-19 09:37:35,20260619,2,2,25.61,570,3226170
2026-06-19 09:37:36,20260619,2,2,25.6,1210,3227380
2026-06-19 09:37:38,20260619,2,2,25.72,4860,3234370
2026-06-19 09:37:38,20260619,2,2,25.68,2130,3229510
2026-06-19 09:37:44,20260619,2,2,25.62,3910,3238280
2026-06-19 09:37:45,20260619,2,2,25.53,3520,3243460
2026-06-19 09:37:45,20260619,2,2,25.55,1660,3239940
2026-06-19 09:37:45,20260619,2,2,25.65,350,3243810
2026-06-19 09:37:47,20260619,2,2,25.6,4300,3248110
2026-06-19 09:37:48,20260619,2,2,25.55,4890,3253000
2026-06-19 09:37:49,20260619,2,2,25.63,3170,3256170
2026-06-19 09:37:56,20260619,2,2,25.64,1750,3257920
2026-06-19 09:37:57,20260619,2,2,25.69,2580,3260500
2026-06-19 09:37:57,20260619,2,2,25.65,2710,3263210
2026-06-19 09:38:00,20260619,2,2,25.65,2730,3265940
2026-06-19 09:38:01,20260619,2,2,25.72,260,3266200
2026-06-19 09:38:02,20260619,2,2,25.71,850,3267050
2026-06-19 09:38:04,20260619,2,2,25.76,4550,3271600
2026-06-19 09:38:06,20260619,2,2,25.78,4790,3276390
2026-06-19 09:38:07,20260619,2,2,25.73,2630,3279020
2026-06-19 09:38:07,20260619,2,2,25.73,2150,3281170
2026-06-19 09:38:08,20260619,2,2,25.78,430,3281600
2026-06-19 09:38:08,20260619,2,2,25.81,1560,3283160
2026-06-19 09:38:09,20260619,2,2,25.81,3350,3286510
2026-06-19 09:38:09,20260619,2,2,25.72,3470,3289980
2026-06-19 09:38:10,20260619,2,2,25.63,2370,3292350
2026-06-19 09:38:14,20260619,2,2,25.55,1270,3293620
2026-06-19 09:38:15,20260619,2,2,25.52,1740,3295360
2026-06-19 09:38:16,20260619,2,2,25.5,470,3295830
2026-06-19 09:38:19,20260619,2,2,25.43,4080,3299910
2026-06-19 09:38:23,20260619,2,2,25.48,3670,3303580
2026-06-19 09:38:24,20260619,2,2,25.42,3050,3306630
2026-06-19 09:38:28,20260619,2,2,25.35,1460,3308090
2026-06-19 09:38:29,20260619,2,2,25.35,3180,3311270
2026-06-19 09:38:38,20260619,2,2,25.4,2550,3313820
2026-06-19 09:38:42,20260619,2,2,25.51,2070,3315890
2026-06-19 09:38:48,20260619,2,2,25.53,3830,3319720
2026-06-19 09:38:51,20260619,2,2,25.61,750,3320470
2026-06-19 09:38:51,20260619,2,2,25.55,890,3321360
2026-06-19 09:38:55,20260619,2,2,25.66,610,3321970
2026-06-19 09:38:59,20260619,2,2,25.57,1380,3323350
2026-06-19 09:38:59,20260619,2,2,25.54,4230,3327580
2026-06-19 09:39:00,20260619,2,2,25.57,3890,3331470
2026-06-19 09:39:01,20260619,2,2,25.49,3770,3335240
2026-06-19 09:39:02,20260619,2,2,25.44,4900,3340140
2026-06-19 09:39:02,20260619,2,2,25.39,100,3340240
2026-06-19 09:39:07,20260619,2,2,25.37,1760,3342000
2026-06-19 09:39:09,20260619,2,2,25.45,250,3342250
2026-06-19 09:39:09,20260619,2,2,25.45,1540,3343790
2026-06-19 09:39:09,20260619,2,2,25.42,1210,3345000
2026-06-19 09:39:13,20260619,2,2,25.28,3770,3348770
2026-06-19 09:39:15,20260619,2,2,25.3,1110,3349880
2026-06-19 09:39:17,20260619,2,2,25.34,910,3350790
2026-06-19 09:39:18,20260619,2,2,25.26,4150,3354940
2026-06-19 09:39:19,20260619,2,2,25.25,4790,3359730
2026-06-19 09:39:20,20260619,2,2,25.27,490,3362980
2026-06-19 09:39:20,20260619,2,2,25.26,1080,3360810
2026-06-19 09:39:20,20260619,2,2,25.31,1680,3362490
2026-06-19 09:39:22,20260619,2,2,25.23,1640,3364620
2026-06-19 09:39:23,20260619,2,2,25.21,450,3365070
2026-06-19 09:39:23,20260619,2,2,25.27,3900,3368970
2026-06-19 09:39:26,20260619,2,2,25.32,2560,3371530
2026-06-19 09:39:26,20260619,2,2,25.32,130,3371660
2026-06-19 09:39:30,20260619,2,2,25.37,3830,3375490
2026-06-19 09:39:34,20260619,2,2,25.26,4620,3380110
2026-06-19 09:39:35,20260619,2,2,25.3,2900,3383010
2026-06-19 09:39:38,20260619,2,2,25.24,3600,3386610
2026-06-19 09:39:41,20260619,2,2,25.33,3430,3390040
2026-06-19 09:39:46,20260619,2,2,25.27,4230,3394270
2026-06-19 09:39:52,20260619,2,2,25.23,4400,3398670
2026-06-19 09:39:53,20260619,2,2,25.26,2580,3401250
2026-06-19 09:39:54,20260619,2,2,25.29,210,3401460
2026-06-19 09:40:00,20260619,2,2,25.27,2920,3404380
2026-06-19 09:40:00,20260619,2,2,25.29,4380,3408760
2026-06-19 09:40:08,20260619,2,2,25.31,2250,3411010
2026-06-19 09:40:10,20260619,2,2,25.33,3280,3414290
2026-06-19 09:40:16,20260619,2,2,25.31,3200,3417490
2026-06-19 09:40:17,20260619,2,2,25.34,4230,3421720
2026-06-19 09:40:17,20260619,2,2,25.41,910,3422630
2026-06-19 09:40:18,20260619,2,2,25.35,230,3422860
2026-06-19 09:40:21,20260619,2,2,25.31,650,3423510
2026-06-19 09:40:22,20260619,2,2,25.31,4120,3427630
2026-06-19 09:40:23,20260619,2,2,25.25,3510,3431140
2026-06-19 09:40:24,20260619,2,2,25.16,2910,3434050
2026-06-19 09:40:25,20260619,2,2,25.22,2080,3436130
2026-06-19 09:40:29,20260619,2,2,25.11,3570,3439700
2026-06-19 09:40:31,20260619,2,2,25.09,1750,3441450
2026-06-19 09:40:31,20260619,2,2,25.13,4620,3446070
2026-06-19 09:40:31,20260619,2,2,25.14,3010,3449080
2026-06-19 09:40:37,20260619,2,2,25.12,1550,3450630
2026-06-19 09:40:40,20260619,2,2,25.06,4500,3455130
2026-06-19 09:40:40,20260619,2,2,25.08,870,3456000
2026-06-19 09:40:42,20260619,2,2,25.03,1210,3457210
2026-06-19 09:40:46,20260619,2,2,25.05,320,3457530
2026-06-19 09:40:47,20260619,2,2,25.05,3840,3461370
2026-06-19 09:40:49,20260619,2,2,25.06,1250,3462620
2026-06-19 09:40:55,20260619,2,2,25.03,1510,3464130
2026-06-19 09:40:56,20260619,2,2,25.13,4890,3469020
2026-06-19 09:41:00,20260619,2,2,25.15,2060,3471080
2026-06-19 09:41:00,20260619,2,2,25.13,2870,3473950
2026-06-19 09:41:00,20260619,2,2,25.15,370,3474320
2026-06-19 09:41:07,20260619,2,2,25.11,3080,3477400
2026-06-19 09:41:07,20260619,2,2,25.09,850,3478250
2026-06-19 09:41:08,20260619,2,2,25.21,270,3478520
2026-06-19 09:41:10,20260619,2,2,25.17,1090,3479610
2026-06-19 09:41:11,20260619,2,2,25.17,4880,3484490
2026-06-19 09:41:12,20260619,2,2,25.14,4700,3489190
2026-06-19 09:41:13,20260619,2,2,25.09,4770,3493960
2026-06-19 09:41:13,20260619,2,2,25.11,1330,3495290
2026-06-19 09:41:13,20260619,2,2,25.11,3740,3499030
2026-06-19 09:41:14,20260619,2,2,25.16,3010,3502040
2026-06-19 09:41:14,20260619,2,2,25.2,1340,3503380
2026-06-19 09:41:16,20260619,2,2,25.25,160,3503540
2026-06-19 09:41:17,20260619,2,2,25.23,1710,3505570
2026-06-19 09:41:17,20260619,2,2,25.2,320,3503860
2026-06-19 09:41:19,20260619,2,2,25.26,1260,3506830
2026-06-19 09:41:21,20260619,2,2,25.21,3790,3510620
2026-06-19 09:41:24,20260619,2,2,25.2,3610,3514230
2026-06-19 09:41:25,20260619,2,2,25.13,300,3514530
2026-06-19 09:41:25,20260619,2,2,25.16,2610,3517140
2026-06-19 09:41:31,20260619,2,2,25.19,3350,3520490
2026-06-19 09:41:31,20260619,2,2,25.26,4730,3525220
2026-06-19 09:41:34,20260619,2,2,25.25,4920,3530140
2026-06-19 09:41:36,20260619,2,2,25.27,4400,3534540
2026-06-19 09:41:41,20260619,2,2,25.32,3180,3537720
2026-06-19 09:41:42,20260619,2,2,25.29,930,3538650
2026-06-19 09:41:43,20260619,2,2,25.24,3710,3542360
2026-06-19 09:41:44,20260619,2,2,25.2,500,3542860
2026-06-19 09:41:45,20260619,2,2,25.19,2120,3544980
2026-06-19 09:41:47,20260619,2,2,25.14,4250,3549230
2026-06-19 09:41:50,20260619,2,2,25.11,1370,3550600
2026-06-19 09:41:53,20260619,2,2,25.15,1510,3552110
2026-06-19 09:41:59,20260619,2,2,25.16,1120,3556760
2026-06-19 09:41:59,20260619,2,2,25.15,3530,3555640
2026-06-19 09:42:02,20260619,2,2,25.14,1160,3557920
2026-06-19 09:42:04,20260619,2,2,25.11,4880,3562800
2026-06-19 09:42:05,20260619,2,2,25.12,260,3563060
2026-06-19 09:42:05,20260619,2,2,25.13,340,3563400
2026-06-19 09:42:05,20260619,2,2,25.17,730,3564130
2026-06-19 09:42:07,20260619,2,2,25.23,4660,3568790
2026-06-19 09:42:08,20260619,2,2,25.2,3510,3572300
2026-06-19 09:42:11,20260619,2,2,25.24,3840,3576140
2026-06-19 09:42:13,20260619,2,2,25.29,1850,3580450
2026-06-19 09:42:13,20260619,2,2,25.19,2460,3578600
2026-06-19 09:42:15,20260619,2,2,25.25,3000,3583450
2026-06-19 09:42:15,20260619,2,2,25.28,3020,3586470
2026-06-19 09:42:16,20260619,2,2,25.23,3200,3589670
2026-06-19 09:42:17,20260619,2,2,25.22,4100,3593770
2026-06-19 09:42:18,20260619,2,2,25.3,1650,3595420
2026-06-19 09:42:19,20260619,2,2,25.26,3940,3599360
2026-06-19 09:42:19,20260619,2,2,25.37,620,3599980
2026-06-19 09:42:20,20260619,2,2,25.42,1920,3602720
2026-06-19 09:42:20,20260619,2,2,25.37,820,3600800
2026-06-19 09:42:21,20260619,2,2,25.44,3780,3606500
2026-06-19 09:42:24,20260619,2,2,25.46,1980,3608480
2026-06-19 09:42:25,20260619,2,2,25.39,220,3608700
2026-06-19 09:42:26,20260619,2,2,25.37,560,3609260
2026-06-19 09:42:26,20260619,2,2,25.42,4570,3613830
2026-06-19 09:42:31,20260619,2,2,25.41,1690,3615520
2026-06-19 09:42:33,20260619,2,2,25.41,2930,3618450
2026-06-19 09:42:35,20260619,2,2,25.34,620,3619070
2026-06-19 09:42:40,20260619,2,2,25.31,2960,3622030
2026-06-19 09:42:44,20260619,2,2,25.37,170,3622200
2026-06-19 09:42:47,20260619,2,2,25.3,810,3623010
2026-06-19 09:42:48,20260619,2,2,25.34,3890,3626900
2026-06-19 09:42:48,20260619,2,2,25.35,1070,3627970
2026-06-19 09:42:53,20260619,2,2,25.34,960,3628930
2026-06-19 09:42:54,20260619,2,2,25.32,3390,3632320
2026-06-19 09:42:54,20260619,2,2,25.3,1100,3633420
2026-06-19 09:42:59,20260619,2,2,25.28,2900,3636320
2026-06-19 09:42:59,20260619,2,2,25.32,3800,3640120
2026-06-19 09:43:00,20260619,2,2,25.3,2980,3643100
2026-06-19 09:43:01,20260619,2,2,25.39,2460,3645560
2026-06-19 09:43:02,20260619,2,2,25.41,2050,3647610
2026-06-19 09:43:02,20260619,2,2,25.38,4000,3651610
2026-06-19 09:43:07,20260619,2,2,25.43,1060,3652670
2026-06-19 09:43:07,20260619,2,2,25.46,4590,3657260
2026-06-19 09:43:07,20260619,2,2,25.38,3770,3661030
2026-06-19 09:43:09,20260619,2,2,25.32,4390,3665420
2026-06-19 09:43:10,20260619,2,2,25.32,1050,3666470
2026-06-19 09:43:12,20260619,2,2,25.24,2700,3669170
2026-06-19 09:43:13,20260619,2,2,25.38,3750,3674220
2026-06-19 09:43:13,20260619,2,2,25.34,1300,3670470
2026-06-19 09:43:18,20260619,2,2,25.38,2820,3677040
2026-06-19 09:43:24,20260619,2,2,25.37,3410,3680450
2026-06-19 09:43:28,20260619,2,2,25.34,610,3681060
2026-06-19 09:43:28,20260619,2,2,25.24,4050,3685110
2026-06-19 09:43:28,20260619,2,2,25.15,3270,3688380
2026-06-19 09:43:29,20260619,2,2,25.25,1720,3690100
2026-06-19 09:43:31,20260619,2,2,25.33,1990,3692090
2026-06-19 09:43:32,20260619,2,2,25.3,2860,3694950
2026-06-19 09:43:33,20260619,2,2,25.34,940,3695890
2026-06-19 09:43:35,20260619,2,2,25.37,2030,3697920
2026-06-19 09:43:35,20260619,2,2,25.4,1900,3699820
2026-06-19 09:43:36,20260619,2,2,25.33,300,3700120
2026-06-19 09:43:36,20260619,2,2,25.24,4080,3704200
2026-06-19 09:43:39,20260619,2,2,25.3,2120,3706320
2026-06-19 09:43:39,20260619,2,2,25.2,2110,3708430
2026-06-19 09:43:44,20260619,2,2,25.17,1600,3714780
2026-06-19 09:43:44,20260619,2,2,25.15,3930,3718710
2026-06-19 09:43:44,20260619,2,2,25.19,4750,3713180
2026-06-19 09:43:45,20260619,2,2,25.16,1680,3720390
2026-06-19 09:43:47,20260619,2,2,25.13,3190,3723580
2026-06-19 09:43:53,20260619,2,2,25.15,4480,3728060
2026-06-19 09:43:53,20260619,2,2,25.16,350,3728410
2026-06-19 09:43:55,20260619,2,2,25.26,3180,3731590
2026-06-19 09:44:02,20260619,2,2,25.19,750,3732340
2026-06-19 09:44:09,20260619,2,2,25.19,4320,3736660
2026-06-19 09:44:10,20260619,2,2,25.22,2720,3739380
2026-06-19 09:44:10,20260619,2,2,25.2,4810,3744190
2026-06-19 09:44:13,20260619,2,2,25.2,2970,3748920
2026-06-19 09:44:13,20260619,2,2,25.14,1760,3745950
2026-06-19 09:44:17,20260619,2,2,25.22,1630,3750550
2026-06-19 09:44:19,20260619,2,2,25.15,3520,3754070
2026-06-19 09:44:19,20260619,2,2,25.17,2150,3756220
2026-06-19 09:44:21,20260619,2,2,25.26,4220,3760440
2026-06-19 09:44:22,20260619,2,2,25.26,1620,3762060
2026-06-19 09:44:22,20260619,2,2,25.26,1930,3763990
2026-06-19 09:44:23,20260619,2,2,25.34,1680,3765670
2026-06-19 09:44:24,20260619,2,2,25.29,2030,3767700
2026-06-19 09:44:26,20260619,2,2,25.37,110,3767810
2026-06-19 09:44:27,20260619,2,2,25.42,2240,3770050
2026-06-19 09:44:31,20260619,2,2,25.38,1840,3771890
2026-06-19 09:44:34,20260619,2,2,25.34,840,3772730
2026-06-19 09:44:38,20260619,2,2,25.32,2940,3775670
2026-06-19 09:44:41,20260619,2,2,25.22,1360,3777030
2026-06-19 09:44:45,20260619,2,2,25.24,4990,3782020
2026-06-19 09:44:47,20260619,2,2,25.19,4920,3786940
2026-06-19 09:44:52,20260619,2,2,25.21,580,3787520
2026-06-19 09:44:52,20260619,2,2,25.14,4660,3792180
2026-06-19 09:44:52,20260619,2,2,25.19,410,3792590
2026-06-19 09:44:56,20260619,2,2,25.23,1670,3794260
2026-06-19 09:44:57,20260619,2,2,25.19,240,3794500
2026-06-19 09:44:58,20260619,2,2,25.21,3270,3797770
2026-06-19 09:44:59,20260619,2,2,25.21,3430,3801200
2026-06-19 09:45:00,20260619,2,2,25.29,2520,3803720
2026-06-19 09:45:04,20260619,2,2,25.24,260,3803980
2026-06-19 09:45:04,20260619,2,2,25.23,310,3804290
2026-06-19 09:45:09,20260619,2,2,25.2,2530,3806820
2026-06-19 09:45:10,20260619,2,2,25.2,4230,3811050
2026-06-19 09:45:10,20260619,2,2,25.23,900,3811950
2026-06-19 09:45:12,20260619,2,2,25.19,1530,3813480
2026-06-19 09:45:14,20260619,2,2,25.17,4450,3817930
2026-06-19 09:45:19,20260619,2,2,25.22,170,3818100
2026-06-19 09:45:19,20260619,2,2,25.29,4570,3822670
2026-06-19 09:45:21,20260619,2,2,25.32,1760,3824430
2026-06-19 09:45:23,20260619,2,2,25.31,2960,3827390
2026-06-19 09:45:23,20260619,2,2,25.3,2770,3830160
2026-06-19 09:45:23,20260619,2,2,25.32,2980,3833140
2026-06-19 09:45:23,20260619,2,2,25.34,1950,3835090
2026-06-19 09:45:24,20260619,2,2,25.25,210,3835300
2026-06-19 09:45:26,20260619,2,2,25.28,2900,3838200
2026-06-19 09:45:27,20260619,2,2,25.24,4310,3842510
2026-06-19 09:45:27,20260619,2,2,25.17,3130,3845640
2026-06-19 09:45:28,20260619,2,2,25.08,4750,3850390
2026-06-19 09:45:28,20260619,2,2,25.07,920,3851310
2026-06-19 09:45:28,20260619,2,2,25.02,640,3851950
2026-06-19 09:45:29,20260619,2,2,24.91,1400,3853350
2026-06-19 09:45:34,20260619,2,2,24.89,1340,3854690
2026-06-19 09:45:36,20260619,2,2,24.86,4920,3859610
2026-06-19 09:45:38,20260619,2,2,24.83,4280,3867230
2026-06-19 09:45:38,20260619,2,2,24.86,3340,3862950
2026-06-19 09:45:41,20260619,2,2,24.92,600,3867830
2026-06-19 09:45:42,20260619,2,2,24.94,360,3868190
2026-06-19 09:45:45,20260619,2,2,24.92,1740,3869930
2026-06-19 09:45:45,20260619,2,2,24.91,4780,3874710
2026-06-19 09:45:46,20260619,2,2,24.99,4090,3878800
2026-06-19 09:45:48,20260619,2,2,25.03,4850,3883650
2026-06-19 09:45:52,20260619,2,2,24.96,2900,3886550
2026-06-19 09:45:54,20260619,2,2,24.88,710,3887680
2026-06-19 09:45:54,20260619,2,2,24.91,420,3886970
2026-06-19 09:45:55,20260619,2,2,24.85,1540,3889220
2026-06-19 09:45:55,20260619,2,2,24.82,1800,3891020
2026-06-19 09:45:56,20260619,2,2,24.83,2950,3893970
2026-06-19 09:45:56,20260619,2,2,24.86,3060,3897030
2026-06-19 09:45:57,20260619,2,2,24.91,1260,3898290
2026-06-19 09:46:01,20260619,2,2,24.89,130,3898420
2026-06-19 09:46:03,20260619,2,2,24.76,690,3899860
2026-06-19 09:46:03,20260619,2,2,24.81,750,3899170
2026-06-19 09:46:03,20260619,2,2,24.73,4020,3903880
2026-06-19 09:46:05,20260619,2,2,24.67,2960,3906840
2026-06-19 09:46:06,20260619,2,2,24.73,3540,3910380
2026-06-19 09:46:08,20260619,2,2,24.67,2380,3912760
2026-06-19 09:46:08,20260619,2,2,24.7,1090,3913850
2026-06-19 09:46:15,20260619,2,2,24.61,1280,3915130
2026-06-19 09:46:15,20260619,2,2,24.65,780,3915910
2026-06-19 09:46:24,20260619,2,2,24.64,1610,3917520
2026-06-19 09:46:25,20260619,2,2,24.72,2890,3920410
2026-06-19 09:46:27,20260619,2,2,24.66,2300,3922710
2026-06-19 09:46:27,20260619,2,2,24.63,4380,3927090
2026-06-19 09:46:29,20260619,2,2,24.61,2320,3929410
2026-06-19 09:46:35,20260619,2,2,24.6,1740,3931150
2026-06-19 09:46:36,20260619,2,2,24.59,4510,3935660
2026-06-19 09:46:38,20260619,2,2,24.57,2200,3937860
2026-06-19 09:46:39,20260619,2,2,24.55,2880,3940740
2026-06-19 09:46:40,20260619,2,2,24.45,4280,3945020
2026-06-19 09:46:40,20260619,2,2,24.5,720,3945740
2026-06-19 09:46:41,20260619,2,2,24.64,3830,3949570
2026-06-19 09:46:44,20260619,2,2,24.66,3790,3953360
2026-06-19 09:46:46,20260619,2,2,24.55,150,3956220
2026-06-19 09:46:46,20260619,2,2,24.6,2710,3956070
2026-06-19 09:46:48,20260619,2,2,24.58,2570,3958790
2026-06-19 09:46:49,20260619,2,2,24.6,2380,3961170
2026-06-19 09:46:50,20260619,2,2,24.59,2950,3964120
2026-06-19 09:46:53,20260619,2,2,24.62,2660,3966780
2026-06-19 09:46:54,20260619,2,2,24.52,720,3967500
2026-06-19 09:46:54,20260619,2,2,24.56,4010,3971510
2026-06-19 09:46:57,20260619,2,2,24.57,370,3971880
2026-06-19 09:47:00,20260619,2,2,24.52,3540,3975420
2026-06-19 09:47:05,20260619,2,2,24.45,620,3980300
2026-06-19 09:47:05,20260619,2,2,24.45,4260,3979680
2026-06-19 09:47:07,20260619,2,2,24.52,2610,3982910
2026-06-19 09:47:09,20260619,2,2,24.51,470,3983380
2026-06-19 09:47:11,20260619,2,2,24.47,3170,3986550
2026-06-19 09:47:11,20260619,2,2,24.48,3430,3989980
2026-06-19 09:47:11,20260619,2,2,24.57,1480,3991460
2026-06-19 09:47:11,20260619,2,2,24.59,3950,3995410
2026-06-19 09:47:12,20260619,2,2,24.62,620,3996030
2026-06-19 09:47:13,20260619,2,2,24.68,1030,3997060
2026-06-19 09:47:16,20260619,2,2,24.66,4610,4002700
2026-06-19 09:47:16,20260619,2,2,24.7,1030,3998090
2026-06-19 09:47:18,20260619,2,2,24.58,4700,4007400
2026-06-19 09:47:19,20260619,2,2,24.53,2720,4010120
2026-06-19 09:47:19,20260619,2,2,24.48,4950,4015070
2026-06-19 09:47:23,20260619,2,2,24.51,3320,4018390
2026-06-19 09:47:24,20260619,2,2,24.55,1460,4019850
2026-06-19 09:47:26,20260619,2,2,24.56,4710,4024560
2026-06-19 09:47:27,20260619,2,2,24.49,3810,4028370
2026-06-19 09:47:29,20260619,2,2,24.58,4560,4032930
2026-06-19 09:47:30,20260619,2,2,24.59,4040,4039620
2026-06-19 09:47:30,20260619,2,2,24.56,2650,4035580
2026-06-19 09:47:33,20260619,2,2,24.6,460,4040080
2026-06-19 09:47:35,20260619,2,2,24.61,1510,4041590
2026-06-19 09:47:38,20260619,2,2,24.63,1560,4043150
2026-06-19 09:47:38,20260619,2,2,24.6,170,4043320
2026-06-19 09:47:40,20260619,2,2,24.67,2600,4045920
2026-06-19 09:47:40,20260619,2,2,24.59,1440,4047360
2026-06-19 09:47:47,20260619,2,2,24.53,680,4048040
2026-06-19 09:47:48,20260619,2,2,24.63,4560,4053920
2026-06-19 09:47:48,20260619,2,2,24.6,1320,4049360
2026-06-19 09:47:49,20260619,2,2,24.76,2720,4056640
2026-06-19 09:47:49,20260619,2,2,24.76,1290,4057930
2026-06-19 09:47:49,20260619,2,2,24.84,4480,4062410
2026-06-19 09:47:50,20260619,2,2,24.75,2680,4065090
2026-06-19 09:47:50,20260619,2,2,24.68,3320,4068410
2026-06-19 09:47:54,20260619,2,2,24.73,270,4068680
2026-06-19 09:47:55,20260619,2,2,24.64,3100,4071780
2026-06-19 09:47:56,20260619,2,2,24.63,3620,4075400
2026-06-19 09:47:57,20260619,2,2,24.69,4940,4080340
2026-06-19 09:48:00,20260619,2,2,24.71,1010,4081350
2026-06-19 09:48:02,20260619,2,2,24.71,1730,4083080
2026-06-19 09:48:04,20260619,2,2,24.69,1530,4084610
2026-06-19 09:48:05,20260619,2,2,24.7,3440,4088050
2026-06-19 09:48:05,20260619,2,2,24.73,4220,4092270
2026-06-19 09:48:06,20260619,2,2,24.7,3240,4095510
2026-06-19 09:48:09,20260619,2,2,24.71,4110,4099620
2026-06-19 09:48:10,20260619,2,2,24.77,4420,4104040
2026-06-19 09:48:11,20260619,2,2,24.76,2470,4106510
2026-06-19 09:48:13,20260619,2,2,24.76,1830,4108340
2026-06-19 09:48:14,20260619,2,2,24.78,920,4109260
2026-06-19 09:48:16,20260619,2,2,24.81,1660,4110920
2026-06-19 09:48:16,20260619,2,2,24.86,4630,4115550
2026-06-19 09:48:16,20260619,2,2,24.81,1180,4116730
2026-06-19 09:48:17,20260619,2,2,24.78,1870,4118600
2026-06-19 09:48:18,20260619,2,2,24.75,2590,4121190
2026-06-19 09:48:19,20260619,2,2,24.71,2620,4123810
2026-06-19 09:48:20,20260619,2,2,24.62,640,4124450
2026-06-19 09:48:23,20260619,2,2,24.46,1640,4126090
2026-06-19 09:48:27,20260619,2,2,24.52,4000,4130090
2026-06-19 09:48:29,20260619,2,2,24.44,1000,4131090
2026-06-19 09:48:30,20260619,2,2,24.52,3480,4134570
2026-06-19 09:48:31,20260619,2,2,24.55,1350,4135920
2026-06-19 09:48:32,20260619,2,2,24.53,3460,4139380
2026-06-19 09:48:33,20260619,2,2,24.56,1780,4141160
2026-06-19 09:48:34,20260619,2,2,24.59,1480,4142640
2026-06-19 09:48:34,20260619,2,2,24.53,140,4142780
2026-06-19 09:48:35,20260619,2,2,24.53,750,4143530
2026-06-19 09:48:37,20260619,2,2,24.48,1200,4144730
2026-06-19 09:48:41,20260619,2,2,24.51,1930,4146660
2026-06-19 09:48:43,20260619,2,2,24.48,2770,4149430
2026-06-19 09:48:46,20260619,2,2,24.47,1790,4151220
2026-06-19 09:48:50,20260619,2,2,24.47,3710,4154930
2026-06-19 09:48:52,20260619,2,2,24.47,2530,4157460
2026-06-19 09:48:53,20260619,2,2,24.56,3400,4160860
2026-06-19 09:48:53,20260619,2,2,24.54,1470,4162330
2026-06-19 09:48:55,20260619,2,2,24.6,370,4162700
2026-06-19 09:48:57,20260619,2,2,24.63,160,4162860
2026-06-19 09:48:58,20260619,2,2,24.7,4070,4166930
2026-06-19 09:48:59,20260619,2,2,24.68,3420,4170350
2026-06-19 09:49:00,20260619,2,2,24.72,4620,4174970
2026-06-19 09:49:01,20260619,2,2,24.71,3260,4178230
2026-06-19 09:49:01,20260619,2,2,24.56,600,4178830
2026-06-19 09:49:03,20260619,2,2,24.51,4350,4183180
2026-06-19 09:49:04,20260619,2,2,24.54,1450,4184630
2026-06-19 09:49:04,20260619,2,2,24.56,1870,4186500
2026-06-19 09:49:06,20260619,2,2,24.5,1380,4187880
2026-06-19 09:49:06,20260619,2,2,24.51,2060,4189940
2026-06-19 09:49:08,20260619,2,2,24.53,1160,4193860
2026-06-19 09:49:08,20260619,2,2,24.54,2760,4192700
2026-06-19 09:49:10,20260619,2,2,24.57,570,4194430
2026-06-19 09:49:11,20260619,2,2,24.6,1470,4195900
2026-06-19 09:49:14,20260619,2,2,24.6,4080,4199980
2026-06-19 09:49:15,20260619,2,2,24.57,1120,4201100
2026-06-19 09:49:16,20260619,2,2,24.63,560,4201660
2026-06-19 09:49:18,20260619,2,2,24.65,4860,4206520
2026-06-19 09:49:20,20260619,2,2,24.58,1620,4208140
2026-06-19 09:49:24,20260619,2,2,24.59,3770,4211910
2026-06-19 09:49:25,20260619,2,2,24.53,150,4212060
2026-06-19 09:49:26,20260619,2,2,24.45,260,4212520
2026-06-19 09:49:26,20260619,2,2,24.48,200,4212260
2026-06-19 09:49:30,20260619,2,2,24.45,1520,4214040
2026-06-19 09:49:30,20260619,2,2,24.47,2810,4216850
2026-06-19 09:49:31,20260619,2,2,24.45,3210,4220060
2026-06-19 09:49:33,20260619,2,2,24.43,750,4220810
2026-06-19 09:49:34,20260619,2,2,24.41,4290,4225100
2026-06-19 09:49:35,20260619,2,2,24.46,3480,4228580
2026-06-19 09:49:36,20260619,2,2,24.32,4310,4232890
2026-06-19 09:49:39,20260619,2,2,24.38,3400,4241070
2026-06-19 09:49:39,20260619,2,2,24.3,4780,4237670
2026-06-19 09:49:41,20260619,2,2,24.41,2650,4243720
2026-06-19 09:49:41,20260619,2,2,24.47,4980,4248700
2026-06-19 09:49:42,20260619,2,2,24.37,1360,4250060
2026-06-19 09:49:44,20260619,2,2,24.31,1400,4251460
2026-06-19 09:49:45,20260619,2,2,24.33,4910,4256370
2026-06-19 09:49:49,20260619,2,2,24.41,270,4256640
2026-06-19 09:49:50,20260619,2,2,24.35,2160,4258800
2026-06-19 09:49:52,20260619,2,2,24.33,980,4259780
2026-06-19 09:49:56,20260619,2,2,24.28,2520,4266770
2026-06-19 09:49:56,20260619,2,2,24.35,4470,4264250
2026-06-19 09:49:57,20260619,2,2,24.31,4720,4271490
2026-06-19 09:50:02,20260619,2,2,24.17,3590,4275080
2026-06-19 09:50:05,20260619,2,2,24.2,260,4275340
2026-06-19 09:50:05,20260619,2,2,24.15,4750,4280090
2026-06-19 09:50:06,20260619,2,2,24.13,2320,4282410
2026-06-19 09:50:08,20260619,2,2,24.16,3790,4286200
2026-06-19 09:50:09,20260619,2,2,24.18,3720,4289920
2026-06-19 09:50:13,20260619,2,2,24.23,1080,4293190
2026-06-19 09:50:13,20260619,2,2,24.18,2190,4292110
2026-06-19 09:50:16,20260619,2,2,24.14,220,4293410
2026-06-19 09:50:20,20260619,2,2,24.15,3280,4296690
2026-06-19 09:50:20,20260619,2,2,24.11,2790,4299480
2026-06-19 09:50:22,20260619,2,2,24.16,1960,4301440
2026-06-19 09:50:22,20260619,2,2,24.19,4290,4305730
2026-06-19 09:50:25,20260619,2,2,24.23,2830,4308560
2026-06-19 09:50:25,20260619,2,2,24.31,1420,4309980
2026-06-19 09:50:28,20260619,2,2,24.37,230,4310210
2026-06-19 09:50:29,20260619,2,2,24.36,2900,4313110
2026-06-19 09:50:30,20260619,2,2,24.39,3860,4317500
2026-06-19 09:50:30,20260619,2,2,24.36,530,4313640
2026-06-19 09:50:34,20260619,2,2,24.4,3040,4320540
2026-06-19 09:50:36,20260619,2,2,24.43,4050,4324590
2026-06-19 09:50:37,20260619,2,2,24.32,1130,4325720
2026-06-19 09:50:39,20260619,2,2,24.42,4540,4330260
2026-06-19 09:50:39,20260619,2,2,24.42,710,4330970
2026-06-19 09:50:40,20260619,2,2,24.34,620,4331590
2026-06-19 09:50:41,20260619,2,2,24.29,3180,4334770
2026-06-19 09:50:43,20260619,2,2,24.13,4280,4343260
2026-06-19 09:50:43,20260619,2,2,24.19,4210,4338980
2026-06-19 09:50:47,20260619,2,2,24.12,1270,4344530
2026-06-19 09:50:48,20260619,2,2,24.2,3300,4347830
2026-06-19 09:50:48,20260619,2,2,24.22,1400,4349230
2026-06-19 09:50:50,20260619,2,2,24.23,3080,4352310
2026-06-19 09:50:51,20260619,2,2,24.17,3150,4355460
2026-06-19 09:50:51,20260619,2,2,24.13,2080,4357540
2026-06-19 09:50:52,20260619,2,2,24.1,4020,4361560
2026-06-19 09:50:56,20260619,2,2,24.03,2250,4367140
2026-06-19 09:50:56,20260619,2,2,24.04,2880,4364890
2026-06-19 09:50:56,20260619,2,2,24.06,450,4362010
2026-06-19 09:50:58,20260619,2,2,24.01,830,4367970
2026-06-19 09:50:59,20260619,2,2,23.98,3150,4371120
2026-06-19 09:51:00,20260619,2,2,23.99,640,4371760
2026-06-19 09:51:01,20260619,2,2,23.97,3900,4375660
2026-06-19 09:51:02,20260619,2,2,23.89,210,4375870
2026-06-19 09:51:05,20260619,2,2,23.89,920,4376790
2026-06-19 09:51:09,20260619,2,2,23.78,950,4382320
2026-06-19 09:51:09,20260619,2,2,23.81,4170,4381370
2026-06-19 09:51:09,20260619,2,2,23.89,410,4377200
2026-06-19 09:51:11,20260619,2,2,23.81,4600,4386920
2026-06-19 09:51:12,20260619,2,2,23.75,2410,4389330
2026-06-19 09:51:14,20260619,2,2,23.69,4200,4393530
2026-06-19 09:51:15,20260619,2,2,23.67,4540,4398070
2026-06-19 09:51:19,20260619,2,2,23.7,2840,4400910
2026-06-19 09:51:20,20260619,2,2,23.79,2100,4403010
2026-06-19 09:51:26,20260619,2,2,23.83,600,4403610
2026-06-19 09:51:28,20260619,2,2,23.88,3290,4406900
2026-06-19 09:51:30,20260619,2,2,23.9,2140,4414190
2026-06-19 09:51:30,20260619,2,2,23.9,2650,4409550
2026-06-19 09:51:30,20260619,2,2,23.86,2500,4412050
2026-06-19 09:51:32,20260619,2,2,23.89,3950,4418140
2026-06-19 09:51:33,20260619,2,2,23.91,4290,4422430
2026-06-19 09:51:34,20260619,2,2,23.86,4860,4427290
2026-06-19 09:51:36,20260619,2,2,23.89,3930,4431220
2026-06-19 09:51:36,20260619,2,2,23.88,4040,4435260
2026-06-19 09:51:38,20260619,2,2,23.89,4910,4440170
2026-06-19 09:51:43,20260619,2,2,23.87,4610,4446830
2026-06-19 09:51:43,20260619,2,2,23.89,2050,4442220
2026-06-19 09:51:44,20260619,2,2,23.9,2530,4449360
2026-06-19 09:51:44,20260619,2,2,23.88,3290,4452650
2026-06-19 09:51:51,20260619,2,2,23.8,100,4452750
2026-06-19 09:51:51,20260619,2,2,23.71,980,4453730
2026-06-19 09:51:52,20260619,2,2,23.71,2910,4456640
2026-06-19 09:51:54,20260619,2,2,23.69,1480,4458120
2026-06-19 09:51:56,20260619,2,2,23.61,960,4459080
2026-06-19 09:51:59,20260619,2,2,23.61,110,4459190
2026-06-19 09:52:00,20260619,2,2,23.61,4760,4463950
2026-06-19 09:52:10,20260619,2,2,23.58,3580,4467530
2026-06-19 09:52:14,20260619,2,2,23.59,1770,4469300
2026-06-19 09:52:15,20260619,2,2,23.66,1280,4470580
2026-06-19 09:52:18,20260619,2,2,23.72,3970,4474550
2026-06-19 09:52:21,20260619,2,2,23.73,890,4475440
2026-06-19 09:52:21,20260619,2,2,23.73,1200,4476640
2026-06-19 09:52:22,20260619,2,2,23.73,1740,4478380
2026-06-19 09:52:23,20260619,2,2,23.75,3910,4482290
2026-06-19 09:52:23,20260619,2,2,23.74,4540,4486830
2026-06-19 09:52:27,20260619,2,2,23.75,2280,4489110
2026-06-19 09:52:33,20260619,2,2,23.67,140,4489250
2026-06-19 09:52:35,20260619,2,2,23.67,4080,4493330
2026-06-19 09:52:36,20260619,2,2,23.69,2240,4495570
2026-06-19 09:52:37,20260619,2,2,23.67,2040,4497610
2026-06-19 09:52:41,20260619,2,2,23.67,4750,4502360
2026-06-19 09:52:41,20260619,2,2,23.61,2910,4505270
2026-06-19 09:52:42,20260619,2,2,23.55,150,4505420
2026-06-19 09:52:45,20260619,2,2,23.43,670,4513060
2026-06-19 09:52:45,20260619,2,2,23.52,3090,4512390
2026-06-19 09:52:45,20260619,2,2,23.56,3880,4509300
2026-06-19 09:52:47,20260619,2,2,23.38,3460,4516520
2026-06-19 09:52:49,20260619,2,2,23.33,3110,4519630
2026-06-19 09:52:50,20260619,2,2,23.37,1110,4520740
2026-06-19 09:52:54,20260619,2,2,23.38,4350,4525090
2026-06-19 09:52:58,20260619,2,2,23.33,570,4525660
2026-06-19 09:52:59,20260619,2,2,23.3,3790,4529450
2026-06-19 09:53:01,20260619,2,2,23.37,4200,4533650
2026-06-19 09:53:02,20260619,2,2,23.42,2850,4536500
2026-06-19 09:53:05,20260619,2,2,23.36,4630,4541130
2026-06-19 09:53:06,20260619,2,2,23.42,3800,4544930
2026-06-19 09:53:09,20260619,2,2,23.41,1720,4546650
2026-06-19 09:53:10,20260619,2,2,23.45,3410,4550060
2026-06-19 09:53:13,20260619,2,2,23.45,4410,4554470
2026-06-19 09:53:13,20260619,2,2,23.51,4600,4559070
2026-06-19 09:53:14,20260619,2,2,23.45,2050,4561120
2026-06-19 09:53:15,20260619,2,2,23.43,3860,4564980
2026-06-19 09:53:16,20260619,2,2,23.5,4450,4569430
2026-06-19 09:53:17,20260619,2,2,23.38,3740,4573170
2026-06-19 09:53:27,20260619,2,2,23.37,3330,4576500
2026-06-19 09:53:29,20260619,2,2,23.35,1410,4577910
2026-06-19 09:53:31,20260619,2,2,23.39,4320,4582230
2026-06-19 09:53:35,20260619,2,2,23.44,4140,4586370
2026-06-19 09:53:40,20260619,2,2,23.48,750,4587120
2026-06-19 09:53:40,20260619,2,2,23.49,4090,4591210
2026-06-19 09:53:42,20260619,2,2,23.49,4000,4595210
2026-06-19 09:53:44,20260619,2,2,23.48,920,4596130
2026-06-19 09:53:44,20260619,2,2,23.49,4900,4601030
2026-06-19 09:53:44,20260619,2,2,23.56,2740,4603770
2026-06-19 09:53:45,20260619,2,2,23.52,2380,4606150
2026-06-19 09:53:46,20260619,2,2,23.5,2820,4608970
2026-06-19 09:53:46,20260619,2,2,23.49,2280,4611250
2026-06-19 09:53:51,20260619,2,2,23.54,2340,4613590
2026-06-19 09:53:52,20260619,2,2,23.55,1220,4614810
2026-06-19 09:53:54,20260619,2,2,23.6,1490,4616300
2026-06-19 09:53:54,20260619,2,2,23.66,1940,4618240
2026-06-19 09:53:55,20260619,2,2,23.68,1820,4620060
2026-06-19 09:53:56,20260619,2,2,23.71,200,4624110
2026-06-19 09:53:56,20260619,2,2,23.63,3850,4623910
2026-06-19 09:54:00,20260619,2,2,23.79,4060,4628170
2026-06-19 09:54:03,20260619,2,2,23.79,1680,4629850
2026-06-19 09:54:03,20260619,2,2,23.72,2140,4631990
2026-06-19 09:54:09,20260619,2,2,23.64,2390,4634380
2026-06-19 09:54:09,20260619,2,2,23.65,350,4634730
2026-06-19 09:54:12,20260619,2,2,23.45,2870,4642560
2026-06-19 09:54:12,20260619,2,2,23.62,3280,4638010
2026-06-19 09:54:12,20260619,2,2,23.53,1680,4639690
2026-06-19 09:54:13,20260619,2,2,23.43,3990,4646550
2026-06-19 09:54:15,20260619,2,2,23.44,1570,4648120
2026-06-19 09:54:16,20260619,2,2,23.51,4780,4652900
2026-06-19 09:54:19,20260619,2,2,23.53,2750,4655650
2026-06-19 09:54:20,20260619,2,2,23.52,920,4656570
2026-06-19 09:54:21,20260619,2,2,23.53,4280,4660850
2026-06-19 09:54:22,20260619,2,2,23.55,350,4661200
2026-06-19 09:54:25,20260619,2,2,23.59,800,4662000
2026-06-19 09:54:27,20260619,2,2,23.58,460,4662460
2026-06-19 09:54:27,20260619,2,2,23.64,4010,4666470
2026-06-19 09:54:28,20260619,2,2,23.68,1420,4667890
2026-06-19 09:54:31,20260619,2,2,23.68,4370,4672260
2026-06-19 09:54:36,20260619,2,2,23.68,4930,4677190
2026-06-19 09:54:36,20260619,2,2,23.72,1350,4678540
2026-06-19 09:54:36,20260619,2,2,23.69,1240,4679780
2026-06-19 09:54:39,20260619,2,2,23.61,1010,4680790
2026-06-19 09:54:41,20260619,2,2,23.53,2510,4683300
2026-06-19 09:54:41,20260619,2,2,23.5,4600,4687900
2026-06-19 09:54:42,20260619,2,2,23.53,4960,4692860
2026-06-19 09:54:42,20260619,2,2,23.51,2090,4694950
2026-06-19 09:54:43,20260619,2,2,23.52,2160,4697110
2026-06-19 09:54:44,20260619,2,2,23.49,1260,4698370
2026-06-19 09:54:45,20260619,2,2,23.47,2280,4700650
2026-06-19 09:54:46,20260619,2,2,23.42,3140,4703790
2026-06-19 09:54:50,20260619,2,2,23.41,2520,4706310
2026-06-19 09:54:50,20260619,2,2,23.4,3010,4709320
2026-06-19 09:54:53,20260619,2,2,23.42,4730,4714050
2026-06-19 09:54:54,20260619,2,2,23.44,2910,4716960
2026-06-19 09:54:55,20260619,2,2,23.43,3100,4720060
2026-06-19 09:54:56,20260619,2,2,23.35,3260,4723320
2026-06-19 09:54:57,20260619,2,2,23.41,1810,4725130
2026-06-19 09:55:00,20260619,2,2,23.4,3970,4729100
2026-06-19 09:55:01,20260619,2,2,23.41,850,4729950
2026-06-19 09:55:03,20260619,2,2,23.49,2180,4732130
2026-06-19 09:55:03,20260619,2,2,23.53,3230,4735360
2026-06-19 09:55:08,20260619,2,2,23.55,1140,4736500
2026-06-19 09:55:08,20260619,2,2,23.55,350,4736850
2026-06-19 09:55:11,20260619,2,2,23.55,3600,4740450
2026-06-19 09:55:16,20260619,2,2,23.57,880,4741330
2026-06-19 09:55:19,20260619,2,2,23.59,4910,4746240
2026-06-19 09:55:21,20260619,2,2,23.8,4220,4751830
2026-06-19 09:55:21,20260619,2,2,23.67,1370,4747610
2026-06-19 09:55:22,20260619,2,2,23.81,1460,4753290
2026-06-19 09:55:24,20260619,2,2,23.7,3430,4756720
2026-06-19 09:55:25,20260619,2,2,23.65,450,4757170
2026-06-19 09:55:26,20260619,2,2,23.74,3970,4761140
2026-06-19 09:55:27,20260619,2,2,23.78,680,4761820
2026-06-19 09:55:28,20260619,2,2,23.8,2390,4764210
2026-06-19 09:55:28,20260619,2,2,23.79,4300,4768510
2026-06-19 09:55:29,20260619,2,2,23.73,1330,4769840
2026-06-19 09:55:30,20260619,2,2,23.82,970,4770810
2026-06-19 09:55:33,20260619,2,2,23.78,3460,4774270
2026-06-19 09:55:42,20260619,2,2,23.81,1500,4775770
2026-06-19 09:55:43,20260619,2,2,23.75,4130,4779900
2026-06-19 09:55:44,20260619,2,2,23.74,2820,4782720
2026-06-19 09:55:44,20260619,2,2,23.79,600,4783320
2026-06-19 09:55:48,20260619,2,2,23.77,4840,4788160
2026-06-19 09:55:48,20260619,2,2,23.76,640,4788800
2026-06-19 09:55:49,20260619,2,2,23.76,4260,4793060
2026-06-19 09:55:52,20260619,2,2,23.69,4140,4797200
2026-06-19 09:55:54,20260619,2,2,23.61,3460,4800660
2026-06-19 09:55:54,20260619,2,2,23.65,1590,4802250
2026-06-19 09:55:59,20260619,2,2,23.63,1620,4803870
2026-06-19 09:56:00,20260619,2,2,23.66,4600,4808470
2026-06-19 09:56:01,20260619,2,2,23.72,2280,4810750
2026-06-19 09:56:01,20260619,2,2,23.78,2280,4813030
2026-06-19 09:56:01,20260619,2,2,23.7,3750,4816780
2026-06-19 09:56:06,20260619,2,2,23.66,4050,4820830
2026-06-19 09:56:06,20260619,2,2,23.69,4080,4824910
2026-06-19 09:56:06,20260619,2,2,23.72,4950,4829860
2026-06-19 09:56:08,20260619,2,2,23.83,4770,4834630
2026-06-19 09:56:09,20260619,2,2,23.79,3510,4838140
2026-06-19 09:56:12,20260619,2,2,23.84,2670,4840810
2026-06-19 09:56:12,20260619,2,2,23.86,3970,4844780
2026-06-19 09:56:14,20260619,2,2,23.78,540,4845320
2026-06-19 09:56:15,20260619,2,2,23.75,2780,4848100
2026-06-19 09:56:19,20260619,2,2,23.77,3200,4851300
2026-06-19 09:56:19,20260619,2,2,23.68,1690,4852990
2026-06-19 09:56:22,20260619,2,2,23.58,2870,4855860
2026-06-19 09:56:22,20260619,2,2,23.49,3540,4859400
2026-06-19 09:56:29,20260619,2,2,23.48,640,4864880
2026-06-19 09:56:29,20260619,2,2,23.5,4840,4864240
2026-06-19 09:56:30,20260619,2,2,23.45,1540,4866420
2026-06-19 09:56:30,20260619,2,2,23.42,4630,4871050
2026-06-19 09:56:31,20260619,2,2,23.35,2440,4873490
2026-06-19 09:56:33,20260619,2,2,23.32,1880,4875370
2026-06-19 09:56:34,20260619,2,2,23.23,2170,4877540
2026-06-19 09:56:36,20260619,2,2,23.29,1450,4878990
2026-06-19 09:56:37,20260619,2,2,23.38,4540,4883530
2026-06-19 09:56:41,20260619,2,2,23.24,4030,4891180
2026-06-19 09:56:41,20260619,2,2,23.22,4910,4896090
2026-06-19 09:56:41,20260619,2,2,23.26,3620,4887150
2026-06-19 09:56:42,20260619,2,2,23.21,2840,4898930
2026-06-19 09:56:44,20260619,2,2,23.26,3930,4902860
2026-06-19 09:56:44,20260619,2,2,23.23,4070,4906930
2026-06-19 09:56:46,20260619,2,2,23.23,3320,4910250
2026-06-19 09:56:47,20260619,2,2,23.38,1920,4912170
2026-06-19 09:56:47,20260619,2,2,23.37,700,4912870
2026-06-19 09:56:48,20260619,2,2,23.46,4490,4917360
2026-06-19 09:56:52,20260619,2,2,23.49,720,4918080
2026-06-19 09:56:54,20260619,2,2,23.46,3700,4921780
2026-06-19 09:57:00,20260619,2,2,23.42,2240,4924020
2026-06-19 09:57:04,20260619,2,2,23.42,3690,4927710
2026-06-19 09:57:07,20260619,2,2,23.37,1480,4929190
2026-06-19 09:57:07,20260619,2,2,23.32,4400,4933590
2026-06-19 09:57:08,20260619,2,2,23.3,1430,4935020
2026-06-19 09:57:09,20260619,2,2,23.32,430,4935450
2026-06-19 09:57:10,20260619,2,2,23.41,2020,4937470
2026-06-19 09:57:12,20260619,2,2,23.38,3640,4941110
2026-06-19 09:57:18,20260619,2,2,23.41,4820,4945930
2026-06-19 09:57:19,20260619,2,2,23.38,4860,4954080
2026-06-19 09:57:19,20260619,2,2,23.33,3290,4949220
2026-06-19 09:57:21,20260619,2,2,23.29,960,4955040
2026-06-19 09:57:21,20260619,2,2,23.33,2190,4957230
2026-06-19 09:57:24,20260619,2,2,23.33,4710,4961940
2026-06-19 09:57:25,20260619,2,2,23.32,900,4962840
2026-06-19 09:57:26,20260619,2,2,23.31,3310,4966150
2026-06-19 09:57:26,20260619,2,2,23.24,4240,4970390
2026-06-19 09:57:27,20260619,2,2,23.18,3480,4973870
2026-06-19 09:57:31,20260619,2,2,23.22,1990,4980750
2026-06-19 09:57:31,20260619,2,2,23.22,4890,4978760
2026-06-19 09:57:33,20260619,2,2,23.21,4470,4985220
2026-06-19 09:57:35,20260619,2,2,23.23,3570,4988790
2026-06-19 09:57:36,20260619,2,2,23.23,2420,4991210
2026-06-19 09:57:37,20260619,2,2,23.19,4010,4995220
2026-06-19 09:57:38,20260619,2,2,23.32,4350,4999570
2026-06-19 09:57:40,20260619,2,2,23.35,1780,5001350
2026-06-19 09:57:42,20260619,2,2,23.36,4520,5005870
